{"timestamp": 1759968349383000, "side": "sell", "quantity": 0.251, "price": 122606.8}
{"timestamp": 1759968401441000, "side": "sell", "quantity": 0.016, "price": 122574.1}
{"timestamp": 1759968411189000, "side": "sell", "quantity": 0.016, "price": 122568.2}
{"timestamp": 1759968459454000, "side": "sell", "quantity": 0.112, "price": 122537.9}
{"timestamp": 1759968469298000, "side": "sell", "quantity": 0.011, "price": 122489.6}
{"timestamp": 1759968470505000, "side": "sell", "quantity": 0.044, "price": 122475.2}
{"timestamp": 1759969461051000, "side": "buy", "quantity": 0.005, "price": 123596.6}
{"timestamp": 1759969954278000, "side": "sell", "quantity": 0.002, "price": 122408.9}
{"timestamp": 1759969985520000, "side": "sell", "quantity": 0.002, "price": 122402.0}
{"timestamp": 1759969987196000, "side": "sell", "quantity": 0.027, "price": 122368.2}
{"timestamp": 1759969988213000, "side": "sell", "quantity": 0.889, "price": 122365.2}
{"timestamp": 1759970002229000, "side": "sell", "quantity": 0.291, "price": 122345.9}
{"timestamp": 1759970004391000, "side": "sell", "quantity": 0.001, "price": 122344.5}
{"timestamp": 1759970030540000, "side": "sell", "quantity": 0.066, "price": 122335.2}
{"timestamp": 1759971592560000, "side": "sell", "quantity": 0.008, "price": 122311.9}
{"timestamp": 1759971596564000, "side": "sell", "quantity": 0.016, "price": 122310.8}
{"timestamp": 1759971602255000, "side": "sell", "quantity": 2.429, "price": 122292.7}
{"timestamp": 1759971710197000, "side": "sell", "quantity": 0.005, "price": 122264.1}
{"timestamp": 1759971711202000, "side": "sell", "quantity": 0.006, "price": 122259.0}
{"timestamp": 1759971717271000, "side": "sell", "quantity": 0.113, "price": 122255.9}
{"timestamp": 1759971718373000, "side": "sell", "quantity": 0.009, "price": 122254.6}
{"timestamp": 1759971721142000, "side": "sell", "quantity": 0.003, "price": 122237.5}
{"timestamp": 1759971724180000, "side": "sell", "quantity": 0.002, "price": 122219.9}
{"timestamp": 1759971725382000, "side": "sell", "quantity": 0.001, "price": 122201.5}
{"timestamp": 1759971726409000, "side": "sell", "quantity": 0.126, "price": 122179.7}
{"timestamp": 1759971735541000, "side": "sell", "quantity": 0.02, "price": 122168.9}
{"timestamp": 1759971738121000, "side": "sell", "quantity": 0.013, "price": 122147.9}
{"timestamp": 1759971784232000, "side": "sell", "quantity": 0.002, "price": 122127.2}
{"timestamp": 1759971785430000, "side": "sell", "quantity": 0.515, "price": 122112.2}
{"timestamp": 1759971790383000, "side": "sell", "quantity": 0.011, "price": 122100.7}
{"timestamp": 1759971812106000, "side": "sell", "quantity": 0.007, "price": 122086.0}
{"timestamp": 1759971822059000, "side": "sell", "quantity": 0.004, "price": 122080.4}
{"timestamp": 1759971823297000, "side": "sell", "quantity": 0.006, "price": 122076.6}
{"timestamp": 1759971824411000, "side": "sell", "quantity": 0.016, "price": 122075.3}
{"timestamp": 1759971941776000, "side": "sell", "quantity": 0.001, "price": 122078.2}
{"timestamp": 1759972117101000, "side": "sell", "quantity": 0.031, "price": 122071.5}
{"timestamp": 1759972121590000, "side": "sell", "quantity": 0.055, "price": 122069.7}
{"timestamp": 1759972168042000, "side": "sell", "quantity": 0.001, "price": 122065.0}
{"timestamp": 1759972170145000, "side": "sell", "quantity": 0.024, "price": 122049.3}
{"timestamp": 1759972470086000, "side": "sell", "quantity": 0.159, "price": 122104.7}
{"timestamp": 1759972544327000, "side": "sell", "quantity": 0.033, "price": 122083.6}
{"timestamp": 1759972545374000, "side": "sell", "quantity": 0.097, "price": 122066.9}
{"timestamp": 1759972548226000, "side": "sell", "quantity": 0.01, "price": 122057.5}
{"timestamp": 1759972551384000, "side": "sell", "quantity": 0.145, "price": 122052.6}
{"timestamp": 1759972552510000, "side": "sell", "quantity": 0.011, "price": 122036.0}
{"timestamp": 1759972555203000, "side": "sell", "quantity": 1.042, "price": 122030.4}
{"timestamp": 1759972585035000, "side": "sell", "quantity": 0.001, "price": 122019.4}
{"timestamp": 1759972586204000, "side": "sell", "quantity": 0.003, "price": 121998.8}
{"timestamp": 1759972761461000, "side": "sell", "quantity": 0.21, "price": 122052.4}
{"timestamp": 1759972764234000, "side": "sell", "quantity": 0.5, "price": 122013.3}
{"timestamp": 1759973349383000, "side": "sell", "quantity": 0.014, "price": 121987.2}
{"timestamp": 1759973362465000, "side": "sell", "quantity": 0.001, "price": 121978.8}
{"timestamp": 1759973366228000, "side": "sell", "quantity": 0.004, "price": 121974.2}
{"timestamp": 1759973408392000, "side": "sell", "quantity": 0.129, "price": 121973.2}
{"timestamp": 1759973410163000, "side": "sell", "quantity": 0.001, "price": 121971.2}
{"timestamp": 1759973415532000, "side": "sell", "quantity": 0.12, "price": 121964.2}
{"timestamp": 1759973422029000, "side": "sell", "quantity": 0.031, "price": 121951.22}
{"timestamp": 1759973426152000, "side": "sell", "quantity": 0.144, "price": 121950.5}
{"timestamp": 1759973435475000, "side": "sell", "quantity": 0.006, "price": 121946.6}
{"timestamp": 1759973445492000, "side": "sell", "quantity": 0.003, "price": 121948.6}
{"timestamp": 1759973460741000, "side": "sell", "quantity": 6.419, "price": 121871.39}
{"timestamp": 1759973463519000, "side": "sell", "quantity": 0.04, "price": 121940.3}
{"timestamp": 1759973578310000, "side": "sell", "quantity": 0.002, "price": 121921.3}
{"timestamp": 1759973582168000, "side": "sell", "quantity": 0.044, "price": 121907.2}
{"timestamp": 1759973583273000, "side": "sell", "quantity": 0.001, "price": 121904.0}
{"timestamp": 1759973584287000, "side": "sell", "quantity": 0.011, "price": 121893.1}
{"timestamp": 1759973585413000, "side": "sell", "quantity": 0.004, "price": 121887.9}
{"timestamp": 1759973588203000, "side": "sell", "quantity": 2.922, "price": 121867.0}
{"timestamp": 1759973589772000, "side": "sell", "quantity": 0.007, "price": 121886.4}
{"timestamp": 1759973594079000, "side": "sell", "quantity": 0.002, "price": 121875.4}
{"timestamp": 1759973595342000, "side": "sell", "quantity": 0.035, "price": 121867.0}
{"timestamp": 1759973598178000, "side": "sell", "quantity": 0.08, "price": 121855.1}
{"timestamp": 1759973601116000, "side": "sell", "quantity": 0.09, "price": 121847.6}
{"timestamp": 1759973609568000, "side": "sell", "quantity": 0.001, "price": 121845.5}
{"timestamp": 1759973614829000, "side": "sell", "quantity": 0.001, "price": 121851.14}
{"timestamp": 1759973663191000, "side": "sell", "quantity": 0.217, "price": 121884.8}
{"timestamp": 1759973668230000, "side": "sell", "quantity": 0.04, "price": 121852.1}
{"timestamp": 1759973673127000, "side": "sell", "quantity": 0.002, "price": 121854.4}
{"timestamp": 1759973684221000, "side": "sell", "quantity": 0.001, "price": 121872.8}
{"timestamp": 1759973716092000, "side": "sell", "quantity": 0.004, "price": 121890.4}
{"timestamp": 1759973906397000, "side": "sell", "quantity": 0.022, "price": 121850.8}
{"timestamp": 1759973936239000, "side": "sell", "quantity": 0.463, "price": 121841.4}
{"timestamp": 1759973966063000, "side": "sell", "quantity": 0.001, "price": 121837.3}
{"timestamp": 1759973978142000, "side": "sell", "quantity": 0.006, "price": 121826.2}
{"timestamp": 1759974267028000, "side": "sell", "quantity": 0.013, "price": 121820.0}
{"timestamp": 1759974269200000, "side": "sell", "quantity": 0.005, "price": 121817.8}
{"timestamp": 1759974271348000, "side": "sell", "quantity": 0.02, "price": 121810.2}
{"timestamp": 1759974278550000, "side": "sell", "quantity": 0.001, "price": 121794.6}
{"timestamp": 1759974289046000, "side": "sell", "quantity": 0.001, "price": 121787.8}
{"timestamp": 1759974291073000, "side": "sell", "quantity": 0.018, "price": 121785.8}
{"timestamp": 1759975350127000, "side": "sell", "quantity": 0.002, "price": 121776.1}
{"timestamp": 1759975351224000, "side": "sell", "quantity": 0.001, "price": 121771.5}
{"timestamp": 1759975353526000, "side": "sell", "quantity": 0.003, "price": 121762.9}
{"timestamp": 1759975360470000, "side": "sell", "quantity": 0.016, "price": 121758.5}
{"timestamp": 1759975368090000, "side": "sell", "quantity": 0.001, "price": 121751.2}
{"timestamp": 1759975374512000, "side": "sell", "quantity": 0.001, "price": 121740.8}
{"timestamp": 1759975382044000, "side": "sell", "quantity": 0.014, "price": 121737.3}
{"timestamp": 1759975384229000, "side": "sell", "quantity": 0.08, "price": 121736.6}
{"timestamp": 1759975392309000, "side": "sell", "quantity": 0.012, "price": 121731.5}
{"timestamp": 1759975395512000, "side": "sell", "quantity": 0.002, "price": 121730.7}
{"timestamp": 1759975514087000, "side": "sell", "quantity": 0.012, "price": 121749.1}
{"timestamp": 1759975523192000, "side": "sell", "quantity": 0.041, "price": 121729.3}
{"timestamp": 1759975528145000, "side": "sell", "quantity": 0.008, "price": 121717.9}
{"timestamp": 1759975529354000, "side": "sell", "quantity": 0.1, "price": 121703.6}
{"timestamp": 1759975530521000, "side": "sell", "quantity": 0.011, "price": 121694.5}
{"timestamp": 1759975533097000, "side": "sell", "quantity": 0.004, "price": 121681.7}
{"timestamp": 1759975540379000, "side": "sell", "quantity": 0.005, "price": 121671.4}
{"timestamp": 1759975543329000, "side": "sell", "quantity": 0.003, "price": 121661.5}
{"timestamp": 1759975544934000, "side": "sell", "quantity": 0.013, "price": 121649.15}
{"timestamp": 1759975661411000, "side": "sell", "quantity": 0.017, "price": 121682.2}
{"timestamp": 1759975673131000, "side": "sell", "quantity": 0.219, "price": 121670.6}
{"timestamp": 1759975675163000, "side": "sell", "quantity": 0.016, "price": 121653.3}
{"timestamp": 1759975679160000, "side": "sell", "quantity": 0.072, "price": 121647.0}
{"timestamp": 1759975683213000, "side": "sell", "quantity": 0.001, "price": 121642.4}
{"timestamp": 1759975684460000, "side": "sell", "quantity": 0.011, "price": 121628.7}
{"timestamp": 1759975685591000, "side": "sell", "quantity": 0.015, "price": 121621.3}
{"timestamp": 1759975693135000, "side": "sell", "quantity": 0.072, "price": 121603.2}
{"timestamp": 1759975694164000, "side": "sell", "quantity": 0.004, "price": 121598.2}
{"timestamp": 1759975695387000, "side": "sell", "quantity": 0.089, "price": 121594.0}
{"timestamp": 1759975701424000, "side": "sell", "quantity": 0.002, "price": 121589.3}
{"timestamp": 1759975702465000, "side": "sell", "quantity": 0.645, "price": 121586.1}
{"timestamp": 1759975704089000, "side": "sell", "quantity": 0.02, "price": 121578.7}
{"timestamp": 1759975706184000, "side": "sell", "quantity": 0.439, "price": 121555.1}
{"timestamp": 1759975708462000, "side": "sell", "quantity": 0.1, "price": 121551.0}
{"timestamp": 1759975716181000, "side": "sell", "quantity": 0.003, "price": 121540.0}
{"timestamp": 1759975718246000, "side": "sell", "quantity": 0.034, "price": 121533.8}
{"timestamp": 1759976210532000, "side": "sell", "quantity": 0.01, "price": 121710.0}
{"timestamp": 1759976212401000, "side": "sell", "quantity": 0.001, "price": 121701.1}
{"timestamp": 1759976281508000, "side": "sell", "quantity": 0.006, "price": 121673.2}
{"timestamp": 1759976288366000, "side": "buy", "quantity": 0.001, "price": 122573.7}
{"timestamp": 1759976292077000, "side": "sell", "quantity": 0.004, "price": 121606.2}
{"timestamp": 1759976294047000, "side": "sell", "quantity": 0.001, "price": 121591.5}
{"timestamp": 1759976295489000, "side": "sell", "quantity": 0.003, "price": 121615.0}
{"timestamp": 1759976297153000, "side": "sell", "quantity": 0.111, "price": 121552.3}
{"timestamp": 1759976300476000, "side": "sell", "quantity": 0.017, "price": 121531.7}
{"timestamp": 1759976301554000, "side": "sell", "quantity": 0.006, "price": 121525.4}
{"timestamp": 1759976303157000, "side": "sell", "quantity": 0.01, "price": 121512.8}
{"timestamp": 1759976309359000, "side": "sell", "quantity": 0.01, "price": 121530.3}
{"timestamp": 1759976313167000, "side": "sell", "quantity": 0.024, "price": 121508.1}
{"timestamp": 1759976315253000, "side": "sell", "quantity": 0.002, "price": 121496.2}
{"timestamp": 1759976363551000, "side": "sell", "quantity": 0.024, "price": 121497.1}
{"timestamp": 1759976370234000, "side": "sell", "quantity": 0.006, "price": 121485.6}
{"timestamp": 1759976375389000, "side": "sell", "quantity": 0.004, "price": 121477.0}
{"timestamp": 1759976376436000, "side": "sell", "quantity": 0.02, "price": 121470.0}
{"timestamp": 1759976490081000, "side": "sell", "quantity": 0.003, "price": 121623.2}
{"timestamp": 1759976555169000, "side": "sell", "quantity": 0.024, "price": 121539.2}
{"timestamp": 1759976577538000, "side": "sell", "quantity": 0.004, "price": 121528.5}
{"timestamp": 1759976603257000, "side": "sell", "quantity": 0.069, "price": 121508.6}
{"timestamp": 1759976605324000, "side": "sell", "quantity": 0.028, "price": 121505.8}
{"timestamp": 1759976693577000, "side": "buy", "quantity": 0.04, "price": 122491.0}
{"timestamp": 1759976696418000, "side": "sell", "quantity": 0.003, "price": 121503.6}
{"timestamp": 1759976821323000, "side": "sell", "quantity": 0.059, "price": 121516.5}
{"timestamp": 1759976832247000, "side": "sell", "quantity": 0.045, "price": 121500.9}
{"timestamp": 1759976835053000, "side": "sell", "quantity": 0.005, "price": 121535.9}
{"timestamp": 1759976838125000, "side": "buy", "quantity": 0.005, "price": 122473.4}
{"timestamp": 1759976847556000, "side": "sell", "quantity": 0.005, "price": 121480.3}
{"timestamp": 1759976849719000, "side": "sell", "quantity": 0.001, "price": 121472.3}
{"timestamp": 1759976885256000, "side": "sell", "quantity": 0.045, "price": 121457.1}
{"timestamp": 1759976886257000, "side": "sell", "quantity": 0.05, "price": 121448.0}
{"timestamp": 1759976888243000, "side": "sell", "quantity": 0.131, "price": 121443.3}
{"timestamp": 1759976889252000, "side": "sell", "quantity": 0.001, "price": 121436.6}
{"timestamp": 1759976890290000, "side": "sell", "quantity": 0.004, "price": 121432.3}
{"timestamp": 1759976895493000, "side": "sell", "quantity": 0.001, "price": 121426.8}
{"timestamp": 1759976900224000, "side": "sell", "quantity": 0.081, "price": 121422.3}
{"timestamp": 1759976950523000, "side": "sell", "quantity": 0.001, "price": 121493.9}
{"timestamp": 1759976990299000, "side": "sell", "quantity": 0.032, "price": 121461.1}
{"timestamp": 1759977000346000, "side": "sell", "quantity": 0.006, "price": 121466.2}
{"timestamp": 1759977046362000, "side": "buy", "quantity": 0.129, "price": 122510.6}
{"timestamp": 1759977180386000, "side": "sell", "quantity": 0.034, "price": 121513.4}
{"timestamp": 1759977199706000, "side": "buy", "quantity": 0.008, "price": 122485.2}
{"timestamp": 1759977213419000, "side": "sell", "quantity": 0.005, "price": 121534.4}
{"timestamp": 1759977234400000, "side": "sell", "quantity": 0.049, "price": 121502.0}
{"timestamp": 1759977278133000, "side": "sell", "quantity": 0.001, "price": 121473.1}
{"timestamp": 1759977297137000, "side": "sell", "quantity": 0.03, "price": 121480.8}
{"timestamp": 1759977304363000, "side": "sell", "quantity": 0.011, "price": 121464.2}
{"timestamp": 1759977340314000, "side": "sell", "quantity": 0.034, "price": 121420.6}
{"timestamp": 1759977364565000, "side": "sell", "quantity": 0.01, "price": 121437.2}
{"timestamp": 1759977366087000, "side": "sell", "quantity": 0.01, "price": 121417.3}
{"timestamp": 1759977374404000, "side": "sell", "quantity": 0.02, "price": 121415.2}
{"timestamp": 1759977383219000, "side": "sell", "quantity": 0.001, "price": 121509.2}
{"timestamp": 1759977384222000, "side": "buy", "quantity": 0.002, "price": 122361.7}
{"timestamp": 1759977386182000, "side": "sell", "quantity": 0.009, "price": 121394.6}
{"timestamp": 1759977387540000, "side": "sell", "quantity": 0.027, "price": 121400.5}
{"timestamp": 1759977392304000, "side": "sell", "quantity": 0.001, "price": 121378.9}
{"timestamp": 1759977394616000, "side": "buy", "quantity": 0.005, "price": 122325.8}
{"timestamp": 1759977396280000, "side": "sell", "quantity": 0.126, "price": 121370.9}
{"timestamp": 1759977397426000, "side": "sell", "quantity": 0.032, "price": 121511.4}
{"timestamp": 1759977399112000, "side": "sell", "quantity": 0.01, "price": 121372.0}
{"timestamp": 1759977401086000, "side": "sell", "quantity": 0.008, "price": 121374.7}
{"timestamp": 1759977404069000, "side": "sell", "quantity": 0.027, "price": 121364.2}
{"timestamp": 1759977405993000, "side": "sell", "quantity": 0.021, "price": 121362.8}
{"timestamp": 1759977411103000, "side": "buy", "quantity": 0.001, "price": 122300.8}
{"timestamp": 1759977412259000, "side": "sell", "quantity": 0.003, "price": 121368.1}
{"timestamp": 1759977414125000, "side": "sell", "quantity": 0.036, "price": 121382.4}
{"timestamp": 1759977439540000, "side": "sell", "quantity": 0.001, "price": 121381.0}
{"timestamp": 1759977441389000, "side": "sell", "quantity": 0.224, "price": 121378.0}
{"timestamp": 1759977451575000, "side": "sell", "quantity": 0.002, "price": 121373.5}
{"timestamp": 1759977514549000, "side": "sell", "quantity": 0.162, "price": 121387.3}
{"timestamp": 1759977520131000, "side": "buy", "quantity": 0.005, "price": 122358.8}
{"timestamp": 1759977525058000, "side": "buy", "quantity": 0.014, "price": 122353.8}
{"timestamp": 1759977527208000, "side": "buy", "quantity": 0.007, "price": 122292.9}
{"timestamp": 1759977528282000, "side": "sell", "quantity": 0.005, "price": 121389.4}
{"timestamp": 1759977529499000, "side": "sell", "quantity": 0.037, "price": 121398.0}
{"timestamp": 1759977572180000, "side": "sell", "quantity": 0.001, "price": 121381.6}
{"timestamp": 1759977573257000, "side": "sell", "quantity": 0.005, "price": 121375.7}
{"timestamp": 1759977588984000, "side": "sell", "quantity": 0.003, "price": 121376.2}
{"timestamp": 1759977591127000, "side": "sell", "quantity": 0.005, "price": 121357.9}
{"timestamp": 1759977592252000, "side": "sell", "quantity": 0.001, "price": 121416.1}
{"timestamp": 1759977594209000, "side": "sell", "quantity": 0.003, "price": 121369.8}
{"timestamp": 1759977595332000, "side": "sell", "quantity": 0.022, "price": 121343.6}
{"timestamp": 1759977596350000, "side": "sell", "quantity": 0.173, "price": 121378.4}
{"timestamp": 1759977616654000, "side": "buy", "quantity": 0.006, "price": 122264.6}
{"timestamp": 1759977622518000, "side": "buy", "quantity": 0.001, "price": 122295.1}
{"timestamp": 1759977635354000, "side": "sell", "quantity": 0.022, "price": 121333.7}
{"timestamp": 1759977639138000, "side": "sell", "quantity": 0.001, "price": 121332.9}
{"timestamp": 1759977640272000, "side": "sell", "quantity": 0.012, "price": 121329.5}
{"timestamp": 1759977643096000, "side": "sell", "quantity": 0.142, "price": 121326.6}
{"timestamp": 1759977645385000, "side": "sell", "quantity": 0.001, "price": 121321.4}
{"timestamp": 1759977647559000, "side": "sell", "quantity": 0.008, "price": 121317.7}
{"timestamp": 1759977651347000, "side": "sell", "quantity": 0.001, "price": 121316.1}
{"timestamp": 1759977656405000, "side": "sell", "quantity": 0.003, "price": 121316.0}
{"timestamp": 1759977659360000, "side": "sell", "quantity": 0.037, "price": 121313.5}
{"timestamp": 1759977663320000, "side": "sell", "quantity": 0.022, "price": 121305.1}
{"timestamp": 1759977665330000, "side": "sell", "quantity": 0.016, "price": 121302.2}
{"timestamp": 1759977683066000, "side": "sell", "quantity": 0.071, "price": 121295.1}
{"timestamp": 1759977687303000, "side": "sell", "quantity": 0.061, "price": 121286.4}
{"timestamp": 1759977690124000, "side": "sell", "quantity": 0.078, "price": 121278.6}
{"timestamp": 1759977695164000, "side": "sell", "quantity": 0.002, "price": 121279.7}
{"timestamp": 1759977697243000, "side": "sell", "quantity": 0.001, "price": 121267.8}
{"timestamp": 1759977699068000, "side": "sell", "quantity": 0.004, "price": 121263.6}
{"timestamp": 1759977700383000, "side": "sell", "quantity": 0.001, "price": 121263.1}
{"timestamp": 1759977703093000, "side": "sell", "quantity": 0.002, "price": 121248.4}
{"timestamp": 1759977705102000, "side": "sell", "quantity": 0.007, "price": 121243.2}
{"timestamp": 1759977715625000, "side": "sell", "quantity": 0.001, "price": 121248.7}
{"timestamp": 1759977724317000, "side": "sell", "quantity": 0.059, "price": 121246.3}
{"timestamp": 1759977725410000, "side": "sell", "quantity": 1.0, "price": 121248.2}
{"timestamp": 1759977728547000, "side": "sell", "quantity": 0.04, "price": 121238.2}
{"timestamp": 1759977730327000, "side": "sell", "quantity": 0.009, "price": 121228.5}
{"timestamp": 1759977732130000, "side": "sell", "quantity": 0.03, "price": 121219.4}
{"timestamp": 1759977733216000, "side": "sell", "quantity": 0.88, "price": 121217.4}
{"timestamp": 1759977734225000, "side": "sell", "quantity": 0.015, "price": 121214.8}
{"timestamp": 1759977735298000, "side": "sell", "quantity": 0.001, "price": 121211.2}
{"timestamp": 1759977736348000, "side": "sell", "quantity": 0.04, "price": 121207.7}
{"timestamp": 1759977739323000, "side": "sell", "quantity": 0.026, "price": 121200.6}
{"timestamp": 1759977740375000, "side": "sell", "quantity": 0.006, "price": 121204.0}
{"timestamp": 1759977741425000, "side": "sell", "quantity": 0.012, "price": 121190.1}
{"timestamp": 1759977742583000, "side": "sell", "quantity": 0.003, "price": 121181.33}
{"timestamp": 1759977744039000, "side": "sell", "quantity": 0.001, "price": 121177.9}
{"timestamp": 1759977745322000, "side": "sell", "quantity": 0.18, "price": 121165.0}
{"timestamp": 1759977748217000, "side": "sell", "quantity": 0.024, "price": 121148.4}
{"timestamp": 1759977751202000, "side": "sell", "quantity": 0.006, "price": 121152.7}
{"timestamp": 1759977754546000, "side": "buy", "quantity": 0.091, "price": 122152.1}
{"timestamp": 1759977758255000, "side": "sell", "quantity": 0.248, "price": 121153.6}
{"timestamp": 1759977760346000, "side": "sell", "quantity": 0.026, "price": 121145.4}
{"timestamp": 1759977784543000, "side": "sell", "quantity": 0.013, "price": 121158.1}
{"timestamp": 1759977785661000, "side": "sell", "quantity": 0.011, "price": 121138.7}
{"timestamp": 1759977787157000, "side": "sell", "quantity": 0.024, "price": 121124.9}
{"timestamp": 1759977788486000, "side": "sell", "quantity": 0.048, "price": 121139.4}
{"timestamp": 1759977791219000, "side": "sell", "quantity": 0.024, "price": 121108.6}
{"timestamp": 1759977793047000, "side": "sell", "quantity": 0.006, "price": 121099.2}
{"timestamp": 1759977794148000, "side": "sell", "quantity": 0.003, "price": 121093.9}
{"timestamp": 1759977795565000, "side": "sell", "quantity": 0.158, "price": 121088.8}
{"timestamp": 1759977796618000, "side": "sell", "quantity": 0.012, "price": 121080.3}
{"timestamp": 1759977799030000, "side": "sell", "quantity": 1.805, "price": 121068.0}
{"timestamp": 1759977800036000, "side": "sell", "quantity": 0.007, "price": 121062.1}
{"timestamp": 1759977801144000, "side": "sell", "quantity": 0.02, "price": 121060.4}
{"timestamp": 1759977812201000, "side": "buy", "quantity": 0.026, "price": 122034.7}
{"timestamp": 1759978069470000, "side": "sell", "quantity": 0.003, "price": 121117.7}
{"timestamp": 1759978083293000, "side": "sell", "quantity": 0.078, "price": 121105.1}
{"timestamp": 1759978107118000, "side": "sell", "quantity": 0.007, "price": 121070.3}
{"timestamp": 1759978161135000, "side": "sell", "quantity": 0.004, "price": 121051.4}
{"timestamp": 1759978168068000, "side": "sell", "quantity": 0.088, "price": 121041.9}
{"timestamp": 1759978170134000, "side": "sell", "quantity": 0.005, "price": 121028.9}
{"timestamp": 1759978187271000, "side": "buy", "quantity": 0.013, "price": 122096.3}
{"timestamp": 1759978375436000, "side": "buy", "quantity": 0.004, "price": 122129.5}
{"timestamp": 1759978386211000, "side": "buy", "quantity": 0.009, "price": 122102.7}
{"timestamp": 1759978399197000, "side": "buy", "quantity": 0.173, "price": 122103.3}
{"timestamp": 1759978447321000, "side": "buy", "quantity": 0.006, "price": 122025.0}
{"timestamp": 1759978454379000, "side": "buy", "quantity": 0.007, "price": 122009.8}
{"timestamp": 1759978457168000, "side": "sell", "quantity": 0.002, "price": 121031.8}
{"timestamp": 1759978459096000, "side": "sell", "quantity": 0.01, "price": 121033.0}
{"timestamp": 1759978464185000, "side": "sell", "quantity": 0.001, "price": 121030.8}
{"timestamp": 1759978470344000, "side": "sell", "quantity": 0.003, "price": 121019.3}
{"timestamp": 1759978481434000, "side": "sell", "quantity": 0.001, "price": 121022.9}
{"timestamp": 1759978534070000, "side": "sell", "quantity": 0.09, "price": 121025.2}
{"timestamp": 1759978608565000, "side": "sell", "quantity": 0.094, "price": 121064.1}
{"timestamp": 1759978611475000, "side": "sell", "quantity": 0.008, "price": 121024.6}
{"timestamp": 1759978613072000, "side": "sell", "quantity": 0.002, "price": 121009.8}
{"timestamp": 1759978614354000, "side": "sell", "quantity": 0.04, "price": 121002.4}
{"timestamp": 1759978615469000, "side": "sell", "quantity": 0.044, "price": 120998.9}
{"timestamp": 1759978616469000, "side": "sell", "quantity": 0.007, "price": 120990.6}
{"timestamp": 1759978617541000, "side": "sell", "quantity": 0.022, "price": 120981.8}
{"timestamp": 1759978618564000, "side": "sell", "quantity": 0.001, "price": 120961.1}
{"timestamp": 1759978929427000, "side": "buy", "quantity": 0.029, "price": 122262.4}
{"timestamp": 1759978944304000, "side": "buy", "quantity": 0.001, "price": 122310.3}
{"timestamp": 1759979087056000, "side": "buy", "quantity": 0.003, "price": 122254.9}
{"timestamp": 1759979219294000, "side": "buy", "quantity": 0.006, "price": 122355.0}
{"timestamp": 1759980088193000, "side": "buy", "quantity": 0.001, "price": 122383.0}
{"timestamp": 1759980129204000, "side": "buy", "quantity": 0.001, "price": 122447.0}
{"timestamp": 1759980142070000, "side": "buy", "quantity": 0.016, "price": 122459.0}
{"timestamp": 1759980154684000, "side": "buy", "quantity": 0.015, "price": 122520.6}
{"timestamp": 1759980156252000, "side": "buy", "quantity": 0.017, "price": 122538.6}
{"timestamp": 1759980163461000, "side": "buy", "quantity": 0.008, "price": 122555.3}
{"timestamp": 1759980168460000, "side": "sell", "quantity": 0.018, "price": 121748.5}
{"timestamp": 1759980172014000, "side": "sell", "quantity": 0.001, "price": 121958.4}
{"timestamp": 1759980174360000, "side": "sell", "quantity": 0.218, "price": 121671.2}
{"timestamp": 1759980988528000, "side": "buy", "quantity": 0.019, "price": 122475.8}
{"timestamp": 1759981783530000, "side": "buy", "quantity": 0.001, "price": 122450.6}
{"timestamp": 1759983236561000, "side": "buy", "quantity": 0.064, "price": 122367.1}
{"timestamp": 1759983584352000, "side": "buy", "quantity": 0.001, "price": 122524.4}
{"timestamp": 1759983742432000, "side": "buy", "quantity": 0.006, "price": 122578.8}
{"timestamp": 1759983745080000, "side": "buy", "quantity": 0.001, "price": 122587.2}
{"timestamp": 1759983746182000, "side": "buy", "quantity": 0.001, "price": 122591.1}
{"timestamp": 1759983747367000, "side": "buy", "quantity": 0.018, "price": 122596.6}
{"timestamp": 1759983749483000, "side": "buy", "quantity": 0.012, "price": 122615.4}
{"timestamp": 1759983768532000, "side": "buy", "quantity": 0.029, "price": 122626.5}
{"timestamp": 1759983776196000, "side": "buy", "quantity": 0.002, "price": 122634.1}
{"timestamp": 1759983779125000, "side": "buy", "quantity": 0.008, "price": 122641.0}
{"timestamp": 1759983790615000, "side": "sell", "quantity": 0.001, "price": 121696.9}
{"timestamp": 1759983799551000, "side": "buy", "quantity": 0.004, "price": 122669.8}
{"timestamp": 1759983972329000, "side": "buy", "quantity": 0.002, "price": 122688.2}
{"timestamp": 1759985221086000, "side": "sell", "quantity": 0.001, "price": 121572.5}
{"timestamp": 1759986159332000, "side": "buy", "quantity": 0.001, "price": 122515.5}
{"timestamp": 1759986877418000, "side": "sell", "quantity": 0.012, "price": 121439.9}
{"timestamp": 1759986899463000, "side": "sell", "quantity": 0.016, "price": 121385.9}
{"timestamp": 1759986903314000, "side": "sell", "quantity": 0.01, "price": 121376.0}
{"timestamp": 1759987117034000, "side": "sell", "quantity": 0.001, "price": 121364.0}
{"timestamp": 1759987224428000, "side": "sell", "quantity": 0.004, "price": 121349.6}
{"timestamp": 1759988077144000, "side": "buy", "quantity": 0.002, "price": 122411.8}
{"timestamp": 1759988224289000, "side": "sell", "quantity": 0.025, "price": 121327.8}
{"timestamp": 1759988513925000, "side": "buy", "quantity": 0.012, "price": 122454.42}
{"timestamp": 1759988604565000, "side": "buy", "quantity": 0.001, "price": 122382.1}
{"timestamp": 1759988616225000, "side": "buy", "quantity": 0.001, "price": 122404.1}
{"timestamp": 1759989562854000, "side": "sell", "quantity": 0.003, "price": 121589.19}
{"timestamp": 1759989690479000, "side": "buy", "quantity": 0.005, "price": 122483.4}
{"timestamp": 1759989732332000, "side": "buy", "quantity": 0.001, "price": 122499.4}
{"timestamp": 1759990209501000, "side": "sell", "quantity": 0.063, "price": 121381.7}
{"timestamp": 1759990818377000, "side": "sell", "quantity": 0.765, "price": 121371.3}
{"timestamp": 1759991480388000, "side": "buy", "quantity": 0.003, "price": 122580.7}
{"timestamp": 1759991634476000, "side": "sell", "quantity": 0.001, "price": 121537.3}
{"timestamp": 1759992280089000, "side": "sell", "quantity": 0.021, "price": 121580.2}
{"timestamp": 1759992586342000, "side": "buy", "quantity": 0.001, "price": 122443.4}
{"timestamp": 1759992666048000, "side": "buy", "quantity": 0.004, "price": 122470.1}
{"timestamp": 1759992870542000, "side": "sell", "quantity": 0.036, "price": 121400.0}
{"timestamp": 1759992893558000, "side": "sell", "quantity": 0.029, "price": 121399.4}
{"timestamp": 1759992937139000, "side": "buy", "quantity": 0.6, "price": 122338.0}
{"timestamp": 1759992966231000, "side": "sell", "quantity": 0.018, "price": 121339.6}
{"timestamp": 1759993245572000, "side": "sell", "quantity": 0.008, "price": 121401.5}
{"timestamp": 1759993488547000, "side": "buy", "quantity": 0.001, "price": 122431.6}
{"timestamp": 1759994187178000, "side": "buy", "quantity": 0.025, "price": 122409.9}
{"timestamp": 1759994300330000, "side": "sell", "quantity": 0.046, "price": 121565.3}
{"timestamp": 1759994355382000, "side": "buy", "quantity": 0.001, "price": 122359.6}
{"timestamp": 1759994580360000, "side": "sell", "quantity": 0.005, "price": 121430.1}
{"timestamp": 1759994669758000, "side": "sell", "quantity": 0.087, "price": 121340.2}
{"timestamp": 1759994741196000, "side": "buy", "quantity": 0.008, "price": 122246.4}
{"timestamp": 1759994891224000, "side": "sell", "quantity": 0.021, "price": 121311.3}
{"timestamp": 1759994894529000, "side": "sell", "quantity": 0.005, "price": 121297.1}
{"timestamp": 1759994905242000, "side": "sell", "quantity": 0.026, "price": 121280.9}
{"timestamp": 1759994907136000, "side": "sell", "quantity": 0.006, "price": 121271.8}
{"timestamp": 1759995074005000, "side": "sell", "quantity": 0.012, "price": 121308.3}
{"timestamp": 1759995079727000, "side": "sell", "quantity": 0.024, "price": 121341.5}
{"timestamp": 1759995224383000, "side": "sell", "quantity": 0.001, "price": 121369.7}
{"timestamp": 1759995311562000, "side": "buy", "quantity": 0.001, "price": 122289.8}
{"timestamp": 1759995431184000, "side": "buy", "quantity": 0.055, "price": 122271.1}
{"timestamp": 1759995477125000, "side": "sell", "quantity": 0.004, "price": 121260.4}
{"timestamp": 1759995480485000, "side": "sell", "quantity": 0.014, "price": 121252.5}
{"timestamp": 1759995484086000, "side": "sell", "quantity": 0.001, "price": 121240.4}
{"timestamp": 1759995538280000, "side": "sell", "quantity": 0.001, "price": 121269.2}
{"timestamp": 1759995556156000, "side": "sell", "quantity": 0.009, "price": 121249.8}
{"timestamp": 1759995570064000, "side": "sell", "quantity": 0.016, "price": 121233.6}
{"timestamp": 1759995572217000, "side": "sell", "quantity": 0.001, "price": 121230.3}
{"timestamp": 1759995575364000, "side": "sell", "quantity": 0.052, "price": 121231.4}
{"timestamp": 1759995576484000, "side": "sell", "quantity": 0.032, "price": 121226.5}
{"timestamp": 1759995582172000, "side": "sell", "quantity": 0.001, "price": 121218.8}
{"timestamp": 1759995618363000, "side": "sell", "quantity": 0.027, "price": 121227.4}
{"timestamp": 1759995887192000, "side": "sell", "quantity": 0.045, "price": 121211.0}
{"timestamp": 1759995888347000, "side": "sell", "quantity": 0.009, "price": 121189.5}
{"timestamp": 1759995889926000, "side": "sell", "quantity": 0.025, "price": 121186.45}
{"timestamp": 1759995894353000, "side": "sell", "quantity": 0.006, "price": 121195.9}
{"timestamp": 1759995907418000, "side": "sell", "quantity": 0.001, "price": 121184.3}
{"timestamp": 1759996047404000, "side": "buy", "quantity": 0.001, "price": 122162.9}
{"timestamp": 1759997072218000, "side": "sell", "quantity": 0.01, "price": 121399.6}
{"timestamp": 1759997188112000, "side": "buy", "quantity": 0.036, "price": 122230.0}
{"timestamp": 1759997202077000, "side": "sell", "quantity": 0.004, "price": 121249.3}
{"timestamp": 1759997224261000, "side": "buy", "quantity": 0.008, "price": 122191.3}
{"timestamp": 1759997291387000, "side": "sell", "quantity": 0.006, "price": 121247.9}
{"timestamp": 1759997328331000, "side": "buy", "quantity": 0.001, "price": 122186.9}
{"timestamp": 1759997330116000, "side": "sell", "quantity": 0.084, "price": 121222.6}
{"timestamp": 1759997331559000, "side": "sell", "quantity": 0.001, "price": 121341.1}
{"timestamp": 1759997337067000, "side": "buy", "quantity": 0.001, "price": 122126.1}
{"timestamp": 1759997341335000, "side": "sell", "quantity": 0.024, "price": 121199.0}
{"timestamp": 1759997343553000, "side": "sell", "quantity": 0.003, "price": 121183.3}
{"timestamp": 1759997353621000, "side": "sell", "quantity": 0.032, "price": 121180.4}
{"timestamp": 1759997354677000, "side": "sell", "quantity": 0.017, "price": 121179.4}
{"timestamp": 1759997356536000, "side": "sell", "quantity": 0.002, "price": 121176.2}
{"timestamp": 1759997360087000, "side": "sell", "quantity": 0.002, "price": 121171.3}
{"timestamp": 1759997361140000, "side": "sell", "quantity": 0.004, "price": 121159.3}
{"timestamp": 1759997363316000, "side": "sell", "quantity": 0.03, "price": 121154.6}
{"timestamp": 1759997373466000, "side": "sell", "quantity": 0.026, "price": 121154.3}
{"timestamp": 1759997377431000, "side": "sell", "quantity": 1.493, "price": 121148.2}
{"timestamp": 1759997378516000, "side": "sell", "quantity": 0.005, "price": 121146.9}
{"timestamp": 1759997427588000, "side": "sell", "quantity": 0.011, "price": 121192.0}
{"timestamp": 1759997538593000, "side": "sell", "quantity": 0.001, "price": 121343.0}
{"timestamp": 1759997604148000, "side": "sell", "quantity": 0.001, "price": 121264.8}
{"timestamp": 1759997698073000, "side": "sell", "quantity": 0.002, "price": 121193.3}
{"timestamp": 1759997699273000, "side": "buy", "quantity": 0.144, "price": 122157.3}
{"timestamp": 1759997702349000, "side": "sell", "quantity": 0.032, "price": 121194.2}
{"timestamp": 1759997721326000, "side": "sell", "quantity": 0.001, "price": 121127.8}
{"timestamp": 1759997747821000, "side": "sell", "quantity": 2.463, "price": 121120.8}
{"timestamp": 1759997748967000, "side": "sell", "quantity": 0.439, "price": 121117.6}
{"timestamp": 1759997750008000, "side": "sell", "quantity": 0.001, "price": 121107.3}
{"timestamp": 1759997751102000, "side": "sell", "quantity": 0.009, "price": 121100.7}
{"timestamp": 1759997752175000, "side": "sell", "quantity": 0.149, "price": 121068.66}
{"timestamp": 1759997753315000, "side": "sell", "quantity": 0.007, "price": 121055.31}
{"timestamp": 1759997755548000, "side": "sell", "quantity": 0.694, "price": 121053.2}
{"timestamp": 1759997918285000, "side": "sell", "quantity": 0.002, "price": 121112.1}
{"timestamp": 1759998007078000, "side": "sell", "quantity": 0.004, "price": 121117.5}
{"timestamp": 1759998010133000, "side": "sell", "quantity": 0.099, "price": 121091.5}
{"timestamp": 1759998017276000, "side": "sell", "quantity": 0.002, "price": 121194.2}
{"timestamp": 1759998020067000, "side": "sell", "quantity": 0.036, "price": 121043.2}
{"timestamp": 1759998024108000, "side": "sell", "quantity": 0.003, "price": 121039.1}
{"timestamp": 1759998028322000, "side": "sell", "quantity": 0.017, "price": 121030.7}
{"timestamp": 1759998037434000, "side": "sell", "quantity": 0.007, "price": 121024.2}
{"timestamp": 1759998039042000, "side": "sell", "quantity": 0.006, "price": 121017.9}
{"timestamp": 1759998040326000, "side": "buy", "quantity": 0.012, "price": 121975.8}
{"timestamp": 1759998041473000, "side": "sell", "quantity": 0.006, "price": 121010.5}
{"timestamp": 1759998043209000, "side": "sell", "quantity": 0.03, "price": 121016.2}
{"timestamp": 1759998044316000, "side": "sell", "quantity": 0.101, "price": 121003.2}
{"timestamp": 1759998045396000, "side": "buy", "quantity": 0.247, "price": 121958.9}
{"timestamp": 1759998046632000, "side": "sell", "quantity": 0.001, "price": 120985.4}
{"timestamp": 1759998047676000, "side": "sell", "quantity": 0.05, "price": 120984.06}
{"timestamp": 1759998050273000, "side": "sell", "quantity": 0.002, "price": 120982.3}
{"timestamp": 1759998053331000, "side": "sell", "quantity": 0.062, "price": 120987.9}
{"timestamp": 1759998054435000, "side": "sell", "quantity": 0.037, "price": 120980.9}
{"timestamp": 1759998055528000, "side": "sell", "quantity": 0.003, "price": 120976.3}
{"timestamp": 1759998056703000, "side": "sell", "quantity": 0.003, "price": 120977.9}
{"timestamp": 1759998058221000, "side": "sell", "quantity": 0.009, "price": 120997.6}
{"timestamp": 1759998059390000, "side": "sell", "quantity": 0.011, "price": 120965.0}
{"timestamp": 1759998061600000, "side": "sell", "quantity": 0.001, "price": 120974.4}
{"timestamp": 1759998068055000, "side": "sell", "quantity": 0.001, "price": 120958.7}
{"timestamp": 1759998204392000, "side": "sell", "quantity": 0.009, "price": 120999.7}
{"timestamp": 1759998222177000, "side": "sell", "quantity": 0.001, "price": 120952.0}
{"timestamp": 1759998223538000, "side": "sell", "quantity": 0.001, "price": 120951.0}
{"timestamp": 1759998235546000, "side": "sell", "quantity": 0.001, "price": 121032.2}
{"timestamp": 1759998296586000, "side": "sell", "quantity": 0.029, "price": 120999.2}
{"timestamp": 1759998310491000, "side": "sell", "quantity": 0.02, "price": 120988.2}
{"timestamp": 1759998334092000, "side": "sell", "quantity": 0.001, "price": 120949.0}
{"timestamp": 1759998335746000, "side": "sell", "quantity": 0.015, "price": 120946.96}
{"timestamp": 1759998337697000, "side": "sell", "quantity": 0.2, "price": 120937.98}
{"timestamp": 1759998339078000, "side": "sell", "quantity": 0.073, "price": 120913.1}
{"timestamp": 1759998340141000, "side": "sell", "quantity": 0.002, "price": 120897.6}
{"timestamp": 1759998341245000, "side": "sell", "quantity": 0.089, "price": 120896.2}
{"timestamp": 1759998343567000, "side": "sell", "quantity": 1.786, "price": 120878.0}
{"timestamp": 1759998346222000, "side": "sell", "quantity": 0.714, "price": 120876.3}
{"timestamp": 1759998350130000, "side": "sell", "quantity": 0.004, "price": 120869.3}
{"timestamp": 1759998351465000, "side": "sell", "quantity": 0.068, "price": 120864.7}
{"timestamp": 1759998353564000, "side": "sell", "quantity": 0.222, "price": 120865.8}
{"timestamp": 1759998355468000, "side": "sell", "quantity": 0.02, "price": 120861.0}
{"timestamp": 1759998356469000, "side": "sell", "quantity": 0.001, "price": 120858.6}
{"timestamp": 1759998357538000, "side": "sell", "quantity": 0.027, "price": 120857.6}
{"timestamp": 1759998361147000, "side": "sell", "quantity": 0.003, "price": 120846.1}
{"timestamp": 1759998362170000, "side": "sell", "quantity": 0.07, "price": 120842.1}
{"timestamp": 1759998363231000, "side": "sell", "quantity": 0.063, "price": 120837.7}
{"timestamp": 1759998414324000, "side": "sell", "quantity": 0.306, "price": 120879.6}
{"timestamp": 1759998416119000, "side": "sell", "quantity": 0.012, "price": 120871.8}
{"timestamp": 1759998417298000, "side": "sell", "quantity": 0.002, "price": 120868.6}
{"timestamp": 1759998424215000, "side": "sell", "quantity": 0.82, "price": 120846.9}
{"timestamp": 1759998426364000, "side": "sell", "quantity": 0.006, "price": 120848.4}
{"timestamp": 1759998437259000, "side": "sell", "quantity": 0.008, "price": 120851.3}
{"timestamp": 1759998439094000, "side": "sell", "quantity": 0.519, "price": 120865.7}
{"timestamp": 1759998440462000, "side": "sell", "quantity": 0.002, "price": 120862.4}
{"timestamp": 1759998444100000, "side": "sell", "quantity": 0.001, "price": 120860.3}
{"timestamp": 1759998447276000, "side": "sell", "quantity": 0.005, "price": 120854.6}
{"timestamp": 1759998448407000, "side": "sell", "quantity": 0.001, "price": 120859.3}
{"timestamp": 1759998449692000, "side": "sell", "quantity": 0.007, "price": 120852.6}
{"timestamp": 1759998451081000, "side": "sell", "quantity": 0.147, "price": 120862.1}
{"timestamp": 1759998453140000, "side": "sell", "quantity": 0.081, "price": 120831.3}
{"timestamp": 1759998455212000, "side": "sell", "quantity": 0.013, "price": 120819.9}
{"timestamp": 1759998457082000, "side": "sell", "quantity": 0.014, "price": 120812.2}
{"timestamp": 1759998458098000, "side": "sell", "quantity": 0.002, "price": 120810.0}
{"timestamp": 1759998459445000, "side": "sell", "quantity": 0.015, "price": 120802.0}
{"timestamp": 1759998461080000, "side": "sell", "quantity": 0.004, "price": 120799.7}
{"timestamp": 1759998463051000, "side": "sell", "quantity": 0.291, "price": 120789.9}
{"timestamp": 1759998464525000, "side": "sell", "quantity": 0.023, "price": 120788.4}
{"timestamp": 1759998498341000, "side": "sell", "quantity": 0.001, "price": 120807.8}
{"timestamp": 1759998503117000, "side": "sell", "quantity": 0.002, "price": 120783.9}
{"timestamp": 1759998504516000, "side": "sell", "quantity": 0.298, "price": 120779.9}
{"timestamp": 1759998505587000, "side": "sell", "quantity": 0.006, "price": 120777.2}
{"timestamp": 1759998507049000, "side": "sell", "quantity": 1.034, "price": 120763.8}
{"timestamp": 1759998509235000, "side": "sell", "quantity": 0.019, "price": 120758.4}
{"timestamp": 1759998526083000, "side": "sell", "quantity": 0.007, "price": 120750.2}
{"timestamp": 1759998529826000, "side": "sell", "quantity": 0.008, "price": 120744.58}
{"timestamp": 1759998589989000, "side": "sell", "quantity": 0.016, "price": 120769.9}
{"timestamp": 1759998591392000, "side": "sell", "quantity": 0.021, "price": 120742.0}
{"timestamp": 1759998592404000, "side": "sell", "quantity": 0.049, "price": 120722.6}
{"timestamp": 1759998593460000, "side": "sell", "quantity": 0.005, "price": 120718.4}
{"timestamp": 1759998594796000, "side": "sell", "quantity": 0.085, "price": 120721.0}
{"timestamp": 1759998597099000, "side": "sell", "quantity": 0.35, "price": 120674.3}
{"timestamp": 1759998598163000, "side": "sell", "quantity": 0.088, "price": 120667.8}
{"timestamp": 1759998599630000, "side": "sell", "quantity": 0.03, "price": 120665.7}
{"timestamp": 1759998600668000, "side": "sell", "quantity": 0.004, "price": 120658.9}
{"timestamp": 1759998602208000, "side": "sell", "quantity": 0.005, "price": 120651.7}
{"timestamp": 1759998603248000, "side": "sell", "quantity": 0.002, "price": 120642.2}
{"timestamp": 1759998604293000, "side": "sell", "quantity": 0.007, "price": 120636.0}
{"timestamp": 1759998605350000, "side": "sell", "quantity": 0.002, "price": 120635.2}
{"timestamp": 1759998606724000, "side": "sell", "quantity": 0.007, "price": 120618.9}
{"timestamp": 1759998711166000, "side": "buy", "quantity": 0.018, "price": 121883.5}
{"timestamp": 1759998733198000, "side": "sell", "quantity": 0.001, "price": 120901.7}
{"timestamp": 1759998945243000, "side": "buy", "quantity": 0.131, "price": 122006.8}
{"timestamp": 1759998949220000, "side": "buy", "quantity": 0.723, "price": 122030.7}
{"timestamp": 1759999204346000, "side": "sell", "quantity": 0.016, "price": 120935.1}
{"timestamp": 1759999216050000, "side": "buy", "quantity": 1.666, "price": 121842.2}
{"timestamp": 1759999237632000, "side": "sell", "quantity": 0.021, "price": 120755.48}
{"timestamp": 1759999247330000, "side": "sell", "quantity": 0.015, "price": 120771.4}
{"timestamp": 1759999248414000, "side": "sell", "quantity": 0.477, "price": 120746.9}
{"timestamp": 1759999255151000, "side": "sell", "quantity": 0.001, "price": 120728.46}
{"timestamp": 1759999256200000, "side": "sell", "quantity": 0.324, "price": 120727.8}
{"timestamp": 1759999258387000, "side": "sell", "quantity": 0.02, "price": 120707.8}
{"timestamp": 1759999479490000, "side": "buy", "quantity": 0.003, "price": 121771.5}
{"timestamp": 1759999847355000, "side": "sell", "quantity": 0.024, "price": 120839.9}
{"timestamp": 1759999880412000, "side": "buy", "quantity": 0.001, "price": 121720.3}
{"timestamp": 1759999882612000, "side": "buy", "quantity": 0.005, "price": 121736.8}
{"timestamp": 1759999910560000, "side": "buy", "quantity": 0.215, "price": 121702.1}
{"timestamp": 1759999920393000, "side": "sell", "quantity": 0.017, "price": 120764.3}
{"timestamp": 1759999923093000, "side": "sell", "quantity": 0.013, "price": 120744.7}
{"timestamp": 1759999944250000, "side": "sell", "quantity": 0.009, "price": 120698.4}
{"timestamp": 1759999947148000, "side": "sell", "quantity": 0.004, "price": 120685.1}
{"timestamp": 1759999948575000, "side": "sell", "quantity": 0.018, "price": 120674.8}
{"timestamp": 1759999970569000, "side": "buy", "quantity": 0.004, "price": 121621.0}
{"timestamp": 1759999972662000, "side": "buy", "quantity": 0.012, "price": 121612.6}
{"timestamp": 1759999975097000, "side": "sell", "quantity": 0.68, "price": 120636.4}
{"timestamp": 1759999976178000, "side": "buy", "quantity": 0.001, "price": 121587.7}
{"timestamp": 1759999977414000, "side": "sell", "quantity": 0.02, "price": 120626.3}
{"timestamp": 1759999980382000, "side": "buy", "quantity": 0.012, "price": 121586.7}
{"timestamp": 1759999981536000, "side": "sell", "quantity": 0.001, "price": 120623.7}
{"timestamp": 1759999983123000, "side": "sell", "quantity": 0.02, "price": 120618.2}
{"timestamp": 1759999984390000, "side": "sell", "quantity": 0.347, "price": 120616.2}
{"timestamp": 1760000003037000, "side": "sell", "quantity": 0.001, "price": 120607.7}
{"timestamp": 1760000004602000, "side": "sell", "quantity": 0.008, "price": 120620.5}
{"timestamp": 1760000016263000, "side": "buy", "quantity": 0.001, "price": 121604.0}
{"timestamp": 1760000024474000, "side": "buy", "quantity": 0.17, "price": 121590.5}
{"timestamp": 1760000063674000, "side": "sell", "quantity": 0.001, "price": 120719.8}
{"timestamp": 1760000100450000, "side": "buy", "quantity": 0.041, "price": 121649.4}
{"timestamp": 1760000107422000, "side": "buy", "quantity": 0.001, "price": 121631.9}
{"timestamp": 1760000110444000, "side": "sell", "quantity": 0.015, "price": 120653.8}
{"timestamp": 1760000111575000, "side": "sell", "quantity": 0.002, "price": 120653.5}
{"timestamp": 1760000120463000, "side": "sell", "quantity": 0.001, "price": 120654.9}
{"timestamp": 1760000122602000, "side": "sell", "quantity": 0.249, "price": 120658.8}
{"timestamp": 1760000129387000, "side": "sell", "quantity": 0.078, "price": 120620.2}
{"timestamp": 1760000175345000, "side": "buy", "quantity": 0.08, "price": 121670.4}
{"timestamp": 1760000282122000, "side": "sell", "quantity": 0.223, "price": 120822.9}
{"timestamp": 1760000732453000, "side": "buy", "quantity": 0.003, "price": 121991.3}
{"timestamp": 1760000769321000, "side": "buy", "quantity": 0.019, "price": 122004.7}
{"timestamp": 1760000784541000, "side": "buy", "quantity": 0.001, "price": 122082.8}
{"timestamp": 1760000791080000, "side": "buy", "quantity": 0.006, "price": 122095.0}
{"timestamp": 1760000864486000, "side": "buy", "quantity": 0.001, "price": 122106.0}
{"timestamp": 1760000892444000, "side": "buy", "quantity": 0.001, "price": 122085.1}
{"timestamp": 1760000941123000, "side": "buy", "quantity": 2.452, "price": 122078.9}
{"timestamp": 1760001136724000, "side": "sell", "quantity": 0.02, "price": 121015.3}
{"timestamp": 1760001743433000, "side": "buy", "quantity": 0.014, "price": 122135.2}
{"timestamp": 1760001745506000, "side": "buy", "quantity": 0.016, "price": 122155.2}
{"timestamp": 1760001747258000, "side": "buy", "quantity": 0.005, "price": 122185.7}
{"timestamp": 1760002066515000, "side": "buy", "quantity": 0.2, "price": 122147.0}
{"timestamp": 1760002255340000, "side": "buy", "quantity": 0.013, "price": 122193.9}
{"timestamp": 1760002272226000, "side": "buy", "quantity": 0.044, "price": 122207.0}
{"timestamp": 1760002287071000, "side": "sell", "quantity": 0.001, "price": 121257.7}
{"timestamp": 1760002557072000, "side": "buy", "quantity": 0.002, "price": 122222.8}
{"timestamp": 1760002610434000, "side": "buy", "quantity": 0.041, "price": 122236.1}
{"timestamp": 1760002671517000, "side": "buy", "quantity": 0.008, "price": 122225.8}
{"timestamp": 1760002693366000, "side": "buy", "quantity": 0.031, "price": 122243.5}
{"timestamp": 1760002696285000, "side": "buy", "quantity": 0.007, "price": 122231.2}
{"timestamp": 1760003107584000, "side": "sell", "quantity": 0.025, "price": 121120.4}
{"timestamp": 1760003141461000, "side": "sell", "quantity": 0.011, "price": 121087.2}
{"timestamp": 1760003511637000, "side": "buy", "quantity": 0.014, "price": 122182.8}
{"timestamp": 1760003544070000, "side": "buy", "quantity": 0.001, "price": 122255.4}
{"timestamp": 1760003754463000, "side": "buy", "quantity": 0.001, "price": 122261.0}
{"timestamp": 1760003848582000, "side": "buy", "quantity": 0.049, "price": 122268.8}
{"timestamp": 1760003856395000, "side": "buy", "quantity": 0.123, "price": 122274.2}
{"timestamp": 1760003864489000, "side": "sell", "quantity": 0.005, "price": 121339.2}
{"timestamp": 1760003883412000, "side": "buy", "quantity": 0.001, "price": 122283.4}
{"timestamp": 1760003912591000, "side": "buy", "quantity": 0.017, "price": 122267.9}
{"timestamp": 1760004045236000, "side": "buy", "quantity": 0.004, "price": 122195.3}
{"timestamp": 1760004055510000, "side": "sell", "quantity": 0.002, "price": 121235.3}
{"timestamp": 1760004135092000, "side": "buy", "quantity": 0.057, "price": 122178.1}
{"timestamp": 1760004162603000, "side": "buy", "quantity": 0.024, "price": 122188.6}
{"timestamp": 1760004223134000, "side": "buy", "quantity": 0.169, "price": 122286.1}
{"timestamp": 1760004224372000, "side": "buy", "quantity": 0.003, "price": 122299.4}
{"timestamp": 1760004229256000, "side": "buy", "quantity": 0.012, "price": 122306.3}
{"timestamp": 1760004233136000, "side": "buy", "quantity": 0.257, "price": 122313.6}
{"timestamp": 1760004237576000, "side": "buy", "quantity": 0.028, "price": 122316.5}
{"timestamp": 1760004249128000, "side": "buy", "quantity": 0.004, "price": 122318.1}
{"timestamp": 1760004250546000, "side": "buy", "quantity": 0.003, "price": 122329.6}
{"timestamp": 1760004528456000, "side": "buy", "quantity": 0.003, "price": 122301.8}
{"timestamp": 1760005511569000, "side": "sell", "quantity": 0.001, "price": 121221.1}
{"timestamp": 1760005524074000, "side": "sell", "quantity": 0.015, "price": 121190.4}
{"timestamp": 1760005548813000, "side": "buy", "quantity": 0.003, "price": 122132.28}
{"timestamp": 1760005931515000, "side": "buy", "quantity": 0.002, "price": 122349.8}
{"timestamp": 1760005932530000, "side": "buy", "quantity": 0.007, "price": 122366.0}
{"timestamp": 1760005939158000, "side": "buy", "quantity": 0.024, "price": 122385.4}
{"timestamp": 1760005950577000, "side": "buy", "quantity": 0.031, "price": 122394.4}
{"timestamp": 1760005992056000, "side": "buy", "quantity": 0.023, "price": 122420.1}
{"timestamp": 1760005995245000, "side": "buy", "quantity": 0.003, "price": 122433.2}
{"timestamp": 1760005997228000, "side": "buy", "quantity": 0.008, "price": 122441.3}
{"timestamp": 1760005999154000, "side": "buy", "quantity": 0.001, "price": 122444.3}
{"timestamp": 1760006001126000, "side": "buy", "quantity": 0.032, "price": 122452.8}
{"timestamp": 1760006008599000, "side": "buy", "quantity": 0.005, "price": 122460.9}
{"timestamp": 1760006052286000, "side": "buy", "quantity": 0.001, "price": 122464.2}
{"timestamp": 1760006119074000, "side": "buy", "quantity": 0.001, "price": 122465.5}
{"timestamp": 1760006121138000, "side": "buy", "quantity": 0.022, "price": 122468.1}
{"timestamp": 1760006133558000, "side": "buy", "quantity": 0.009, "price": 122473.1}
{"timestamp": 1760006166053000, "side": "buy", "quantity": 0.004, "price": 122484.6}
{"timestamp": 1760006169052000, "side": "buy", "quantity": 0.043, "price": 122490.6}
{"timestamp": 1760006170660000, "side": "buy", "quantity": 0.003, "price": 122494.1}
{"timestamp": 1760006179430000, "side": "buy", "quantity": 0.182, "price": 122500.7}
{"timestamp": 1760006180505000, "side": "buy", "quantity": 0.001, "price": 122505.0}
{"timestamp": 1760006209307000, "side": "buy", "quantity": 0.007, "price": 122515.3}
{"timestamp": 1760006211210000, "side": "buy", "quantity": 0.011, "price": 122517.8}
{"timestamp": 1760006212440000, "side": "buy", "quantity": 0.069, "price": 122525.6}
{"timestamp": 1760006226292000, "side": "buy", "quantity": 0.002, "price": 122550.4}
{"timestamp": 1760006257206000, "side": "buy", "quantity": 0.019, "price": 122563.6}
{"timestamp": 1760006258245000, "side": "buy", "quantity": 0.002, "price": 122567.5}
{"timestamp": 1760006413345000, "side": "buy", "quantity": 0.044, "price": 122572.4}
{"timestamp": 1760006416164000, "side": "buy", "quantity": 0.045, "price": 122580.6}
{"timestamp": 1760006445074000, "side": "buy", "quantity": 0.021, "price": 122599.2}
{"timestamp": 1760006459122000, "side": "buy", "quantity": 0.012, "price": 122601.4}
{"timestamp": 1760006460229000, "side": "buy", "quantity": 0.037, "price": 122603.3}
{"timestamp": 1760006464095000, "side": "buy", "quantity": 0.009, "price": 122611.8}
{"timestamp": 1760006469263000, "side": "buy", "quantity": 0.25, "price": 122615.7}
{"timestamp": 1760006482152000, "side": "buy", "quantity": 0.035, "price": 122626.4}
{"timestamp": 1760006489339000, "side": "buy", "quantity": 0.002, "price": 122638.1}
{"timestamp": 1760006492163000, "side": "buy", "quantity": 0.017, "price": 122659.4}
{"timestamp": 1760006493183000, "side": "buy", "quantity": 0.004, "price": 122664.1}
{"timestamp": 1760006505364000, "side": "buy", "quantity": 0.001, "price": 122673.2}
{"timestamp": 1760006511312000, "side": "buy", "quantity": 0.458, "price": 122686.0}
{"timestamp": 1760006512315000, "side": "buy", "quantity": 0.236, "price": 122689.5}
{"timestamp": 1760006514164000, "side": "buy", "quantity": 0.342, "price": 122700.2}
{"timestamp": 1760006515183000, "side": "buy", "quantity": 0.007, "price": 122724.3}
{"timestamp": 1760006517133000, "side": "buy", "quantity": 0.003, "price": 122744.6}
{"timestamp": 1760006518568000, "side": "buy", "quantity": 0.02, "price": 122762.5}
{"timestamp": 1760006519601000, "side": "buy", "quantity": 0.004, "price": 122764.7}
{"timestamp": 1760006909274000, "side": "buy", "quantity": 0.011, "price": 122775.6}
{"timestamp": 1760006986462000, "side": "buy", "quantity": 0.149, "price": 122634.6}
{"timestamp": 1760007018167000, "side": "buy", "quantity": 0.001, "price": 122615.5}
{"timestamp": 1760007129441000, "side": "buy", "quantity": 0.042, "price": 122552.8}
{"timestamp": 1760007176110000, "side": "buy", "quantity": 0.015, "price": 122541.1}
{"timestamp": 1760007704055000, "side": "buy", "quantity": 0.002, "price": 122779.7}
{"timestamp": 1760007705142000, "side": "buy", "quantity": 0.005, "price": 122786.7}
{"timestamp": 1760007706215000, "side": "buy", "quantity": 0.038, "price": 122794.9}
{"timestamp": 1760007815536000, "side": "buy", "quantity": 0.082, "price": 122699.3}
{"timestamp": 1760007877054000, "side": "buy", "quantity": 0.009, "price": 122737.3}
{"timestamp": 1760007885136000, "side": "buy", "quantity": 0.012, "price": 122724.0}
{"timestamp": 1760008780181000, "side": "buy", "quantity": 0.002, "price": 122811.0}
{"timestamp": 1760008781188000, "side": "buy", "quantity": 0.005, "price": 122815.4}
{"timestamp": 1760008782190000, "side": "buy", "quantity": 0.395, "price": 122826.4}
{"timestamp": 1760008783518000, "side": "buy", "quantity": 0.021, "price": 122859.6}
{"timestamp": 1760008785155000, "side": "buy", "quantity": 0.001, "price": 122886.2}
{"timestamp": 1760008786353000, "side": "buy", "quantity": 0.6, "price": 122890.2}
{"timestamp": 1760008787391000, "side": "buy", "quantity": 0.002, "price": 122895.4}
{"timestamp": 1760008790264000, "side": "buy", "quantity": 0.155, "price": 122904.1}
{"timestamp": 1760008791516000, "side": "buy", "quantity": 0.016, "price": 122909.3}
{"timestamp": 1760008793423000, "side": "buy", "quantity": 0.076, "price": 122915.9}
{"timestamp": 1760008796118000, "side": "buy", "quantity": 0.001, "price": 122919.7}
{"timestamp": 1760008798120000, "side": "buy", "quantity": 0.026, "price": 122939.5}
{"timestamp": 1760008799596000, "side": "buy", "quantity": 0.091, "price": 122945.0}
{"timestamp": 1760008811066000, "side": "buy", "quantity": 0.01, "price": 122960.6}
{"timestamp": 1760008814188000, "side": "buy", "quantity": 0.02, "price": 122963.0}
{"timestamp": 1760008815350000, "side": "buy", "quantity": 0.009, "price": 122976.9}
{"timestamp": 1760008820074000, "side": "buy", "quantity": 1.013, "price": 122986.7}
{"timestamp": 1760008822513000, "side": "buy", "quantity": 0.004, "price": 122989.3}
{"timestamp": 1760008823607000, "side": "buy", "quantity": 0.005, "price": 123002.9}
{"timestamp": 1760008824623000, "side": "buy", "quantity": 0.148, "price": 123008.3}
{"timestamp": 1760008826044000, "side": "buy", "quantity": 0.052, "price": 123021.4}
{"timestamp": 1760008827212000, "side": "buy", "quantity": 0.01, "price": 123023.3}
{"timestamp": 1760008829247000, "side": "buy", "quantity": 0.06, "price": 122988.7}
{"timestamp": 1760008849043000, "side": "buy", "quantity": 0.014, "price": 123037.4}
{"timestamp": 1760008862124000, "side": "buy", "quantity": 0.15, "price": 123046.5}
{"timestamp": 1760008863153000, "side": "buy", "quantity": 0.024, "price": 123062.1}
{"timestamp": 1760008966222000, "side": "buy", "quantity": 0.006, "price": 123076.5}
{"timestamp": 1760008967472000, "side": "buy", "quantity": 0.002, "price": 123086.2}
{"timestamp": 1760008988422000, "side": "buy", "quantity": 0.171, "price": 123091.8}
{"timestamp": 1760008990062000, "side": "buy", "quantity": 0.022, "price": 123100.0}
{"timestamp": 1760008991512000, "side": "buy", "quantity": 0.075, "price": 123100.9}
{"timestamp": 1760008996301000, "side": "buy", "quantity": 0.5, "price": 123105.5}
{"timestamp": 1760008997561000, "side": "buy", "quantity": 0.006, "price": 123113.2}
{"timestamp": 1760008999161000, "side": "buy", "quantity": 0.002, "price": 123143.1}
{"timestamp": 1760009000315000, "side": "buy", "quantity": 0.002, "price": 123146.0}
{"timestamp": 1760009175164000, "side": "buy", "quantity": 0.016, "price": 123163.0}
{"timestamp": 1760009176314000, "side": "buy", "quantity": 0.002, "price": 123164.0}
{"timestamp": 1760009177369000, "side": "buy", "quantity": 0.001, "price": 123191.8}
{"timestamp": 1760009182204000, "side": "buy", "quantity": 0.008, "price": 123204.1}
{"timestamp": 1760009195314000, "side": "buy", "quantity": 0.002, "price": 123203.6}
{"timestamp": 1760009196344000, "side": "buy", "quantity": 0.033, "price": 123207.0}
{"timestamp": 1760009430231000, "side": "buy", "quantity": 0.005, "price": 123071.9}
{"timestamp": 1760009533121000, "side": "buy", "quantity": 0.031, "price": 123089.2}
{"timestamp": 1760009634041000, "side": "buy", "quantity": 0.007, "price": 123208.0}
{"timestamp": 1760009943082000, "side": "buy", "quantity": 0.002, "price": 123226.0}
{"timestamp": 1760009947104000, "side": "buy", "quantity": 0.002, "price": 123229.7}
{"timestamp": 1760009971041000, "side": "buy", "quantity": 0.003, "price": 123241.1}
{"timestamp": 1760009981390000, "side": "buy", "quantity": 0.108, "price": 123248.5}
{"timestamp": 1760009988540000, "side": "buy", "quantity": 0.013, "price": 123251.5}
{"timestamp": 1760009990185000, "side": "sell", "quantity": 0.001, "price": 122274.4}
{"timestamp": 1760009991289000, "side": "buy", "quantity": 0.001, "price": 123255.9}
{"timestamp": 1760009998078000, "side": "buy", "quantity": 0.003, "price": 123264.4}
{"timestamp": 1760010013154000, "side": "buy", "quantity": 0.172, "price": 123268.0}
{"timestamp": 1760010231379000, "side": "sell", "quantity": 0.011, "price": 122442.0}
{"timestamp": 1760010233578000, "side": "buy", "quantity": 0.001, "price": 123198.0}
{"timestamp": 1760010241380000, "side": "buy", "quantity": 0.002, "price": 123236.6}
{"timestamp": 1760010313123000, "side": "buy", "quantity": 0.008, "price": 123194.8}
{"timestamp": 1760010333324000, "side": "buy", "quantity": 0.05, "price": 123235.6}
{"timestamp": 1760010389057000, "side": "buy", "quantity": 0.005, "price": 123224.3}
{"timestamp": 1760010732472000, "side": "buy", "quantity": 0.002, "price": 123168.6}
{"timestamp": 1760010736529000, "side": "buy", "quantity": 0.025, "price": 123166.0}
{"timestamp": 1760011412089000, "side": "buy", "quantity": 0.081, "price": 123323.8}
{"timestamp": 1760011425188000, "side": "buy", "quantity": 0.77, "price": 123345.1}
{"timestamp": 1760011426535000, "side": "buy", "quantity": 0.001, "price": 123358.5}
{"timestamp": 1760011433309000, "side": "buy", "quantity": 0.01, "price": 123368.7}
{"timestamp": 1760011437177000, "side": "buy", "quantity": 0.018, "price": 123368.7}
{"timestamp": 1760011440102000, "side": "buy", "quantity": 0.185, "price": 123370.8}
{"timestamp": 1760011442219000, "side": "buy", "quantity": 0.008, "price": 123381.7}
{"timestamp": 1760011443251000, "side": "buy", "quantity": 0.001, "price": 123408.2}
{"timestamp": 1760011450104000, "side": "buy", "quantity": 0.001, "price": 123412.5}
{"timestamp": 1760011494565000, "side": "buy", "quantity": 0.006, "price": 123414.2}
{"timestamp": 1760011501133000, "side": "buy", "quantity": 0.019, "price": 123425.0}
{"timestamp": 1760011511429000, "side": "buy", "quantity": 0.049, "price": 123431.0}
{"timestamp": 1760011517343000, "side": "buy", "quantity": 0.001, "price": 123434.7}
{"timestamp": 1760011521383000, "side": "buy", "quantity": 0.008, "price": 123445.4}
{"timestamp": 1760011522395000, "side": "buy", "quantity": 0.002, "price": 123457.5}
{"timestamp": 1760011557056000, "side": "buy", "quantity": 0.018, "price": 123469.3}
{"timestamp": 1760011558360000, "side": "buy", "quantity": 0.002, "price": 123480.1}
{"timestamp": 1760011603090000, "side": "buy", "quantity": 0.008, "price": 123459.2}
{"timestamp": 1760011622608000, "side": "buy", "quantity": 0.001, "price": 123470.8}
{"timestamp": 1760011642200000, "side": "buy", "quantity": 0.09, "price": 123459.9}
{"timestamp": 1760011737151000, "side": "buy", "quantity": 0.001, "price": 123428.6}
{"timestamp": 1760011868173000, "side": "buy", "quantity": 0.002, "price": 123486.8}
{"timestamp": 1760011869190000, "side": "buy", "quantity": 0.001, "price": 123492.0}
{"timestamp": 1760011920077000, "side": "buy", "quantity": 0.072, "price": 123508.0}
{"timestamp": 1760011942094000, "side": "buy", "quantity": 0.005, "price": 123514.8}
{"timestamp": 1760011950049000, "side": "buy", "quantity": 0.001, "price": 123525.4}
{"timestamp": 1760011952257000, "side": "buy", "quantity": 0.001, "price": 123531.6}
{"timestamp": 1760011953443000, "side": "buy", "quantity": 0.015, "price": 123558.3}
{"timestamp": 1760011954537000, "side": "buy", "quantity": 0.087, "price": 123567.3}
{"timestamp": 1760011956133000, "side": "buy", "quantity": 0.009, "price": 123568.4}
{"timestamp": 1760011958351000, "side": "buy", "quantity": 0.146, "price": 123568.5}
{"timestamp": 1760011963463000, "side": "buy", "quantity": 0.005, "price": 123552.9}
{"timestamp": 1760011970071000, "side": "buy", "quantity": 0.01, "price": 123578.9}
{"timestamp": 1760011971101000, "side": "buy", "quantity": 0.07, "price": 123582.6}
{"timestamp": 1760011974151000, "side": "buy", "quantity": 0.005, "price": 123584.0}
{"timestamp": 1760012186534000, "side": "buy", "quantity": 0.004, "price": 123443.8}
{"timestamp": 1760012519232000, "side": "buy", "quantity": 0.006, "price": 123488.7}
{"timestamp": 1760012552209000, "side": "buy", "quantity": 0.013, "price": 123524.0}
{"timestamp": 1760012581524000, "side": "buy", "quantity": 0.107, "price": 123494.1}
{"timestamp": 1760012583508000, "side": "buy", "quantity": 0.004, "price": 123426.4}
{"timestamp": 1760012586396000, "side": "sell", "quantity": 0.003, "price": 122511.1}
{"timestamp": 1760012614335000, "side": "sell", "quantity": 0.006, "price": 122511.6}
{"timestamp": 1760012832210000, "side": "buy", "quantity": 0.008, "price": 123489.2}
{"timestamp": 1760012836792000, "side": "buy", "quantity": 0.001, "price": 123504.34}
{"timestamp": 1760012845066000, "side": "buy", "quantity": 0.006, "price": 123518.2}
{"timestamp": 1760013448078000, "side": "buy", "quantity": 0.064, "price": 123593.4}
{"timestamp": 1760013449137000, "side": "buy", "quantity": 0.23, "price": 123599.3}
{"timestamp": 1760013453536000, "side": "buy", "quantity": 0.219, "price": 123615.8}
{"timestamp": 1760013454612000, "side": "buy", "quantity": 0.003, "price": 123626.0}
{"timestamp": 1760013456155000, "side": "buy", "quantity": 0.029, "price": 123671.8}
{"timestamp": 1760013458066000, "side": "buy", "quantity": 0.005, "price": 123683.9}
{"timestamp": 1760013468065000, "side": "buy", "quantity": 0.002, "price": 123687.1}
{"timestamp": 1760013470058000, "side": "buy", "quantity": 0.001, "price": 123698.3}
{"timestamp": 1760013471462000, "side": "buy", "quantity": 0.653, "price": 123700.4}
{"timestamp": 1760013473373000, "side": "buy", "quantity": 0.012, "price": 123706.3}
{"timestamp": 1760013484552000, "side": "buy", "quantity": 0.075, "price": 123704.8}
{"timestamp": 1760013486058000, "side": "buy", "quantity": 0.008, "price": 123744.2}
{"timestamp": 1760013487094000, "side": "buy", "quantity": 0.001, "price": 123769.0}
{"timestamp": 1760013511246000, "side": "buy", "quantity": 0.024, "price": 123757.2}
{"timestamp": 1760013525434000, "side": "buy", "quantity": 0.075, "price": 123772.8}
{"timestamp": 1760013529034000, "side": "buy", "quantity": 0.094, "price": 123785.3}
{"timestamp": 1760013530130000, "side": "buy", "quantity": 0.004, "price": 123802.1}
{"timestamp": 1760013531538000, "side": "buy", "quantity": 0.488, "price": 123816.0}
{"timestamp": 1760013533292000, "side": "buy", "quantity": 0.009, "price": 123823.0}
{"timestamp": 1760013535668000, "side": "buy", "quantity": 0.009, "price": 123830.6}
{"timestamp": 1760013538062000, "side": "buy", "quantity": 0.013, "price": 123854.8}
{"timestamp": 1760013540236000, "side": "buy", "quantity": 0.005, "price": 123859.5}
{"timestamp": 1760013541662000, "side": "buy", "quantity": 0.002, "price": 123850.9}
{"timestamp": 1760013544208000, "side": "buy", "quantity": 0.019, "price": 123878.5}
{"timestamp": 1760013549046000, "side": "buy", "quantity": 0.03, "price": 123883.3}
{"timestamp": 1760013552163000, "side": "buy", "quantity": 0.026, "price": 123885.6}
{"timestamp": 1760013554229000, "side": "buy", "quantity": 0.001, "price": 123889.5}
{"timestamp": 1760013561231000, "side": "buy", "quantity": 0.004, "price": 123865.5}
{"timestamp": 1760013565915000, "side": "buy", "quantity": 0.004, "price": 123891.21}
{"timestamp": 1760013567271000, "side": "buy", "quantity": 0.151, "price": 123893.5}
{"timestamp": 1760013568348000, "side": "buy", "quantity": 0.006, "price": 123902.4}
{"timestamp": 1760013569430000, "side": "buy", "quantity": 0.05, "price": 123911.1}
{"timestamp": 1760013570504000, "side": "buy", "quantity": 0.271, "price": 123916.2}
{"timestamp": 1760013573231000, "side": "buy", "quantity": 0.489, "price": 123932.2}
{"timestamp": 1760013575237000, "side": "buy", "quantity": 0.014, "price": 123932.7}
{"timestamp": 1760013576262000, "side": "buy", "quantity": 0.001, "price": 123936.1}
{"timestamp": 1760013648610000, "side": "buy", "quantity": 0.01, "price": 123874.9}
{"timestamp": 1760013674260000, "side": "buy", "quantity": 0.092, "price": 123939.7}
{"timestamp": 1760013675483000, "side": "buy", "quantity": 0.001, "price": 123947.3}
{"timestamp": 1760013676576000, "side": "buy", "quantity": 0.081, "price": 123947.9}
{"timestamp": 1760013677925000, "side": "buy", "quantity": 0.004, "price": 123956.24}
{"timestamp": 1760013680127000, "side": "buy", "quantity": 0.002, "price": 123970.6}
{"timestamp": 1760013682072000, "side": "buy", "quantity": 0.006, "price": 123976.7}
{"timestamp": 1760013687483000, "side": "buy", "quantity": 0.003, "price": 123999.0}
{"timestamp": 1760013690187000, "side": "buy", "quantity": 0.002, "price": 124038.5}
{"timestamp": 1760013691191000, "side": "buy", "quantity": 0.001, "price": 124049.4}
{"timestamp": 1760013692252000, "side": "buy", "quantity": 0.004, "price": 124087.1}
{"timestamp": 1760013693306000, "side": "buy", "quantity": 0.004, "price": 124093.9}
{"timestamp": 1760013694361000, "side": "buy", "quantity": 0.005, "price": 124108.7}
{"timestamp": 1760013701062000, "side": "buy", "quantity": 0.001, "price": 124111.4}
{"timestamp": 1760013702080000, "side": "buy", "quantity": 0.134, "price": 124136.4}
{"timestamp": 1760013703113000, "side": "buy", "quantity": 0.009, "price": 124156.7}
{"timestamp": 1760013704123000, "side": "buy", "quantity": 0.096, "price": 124178.2}
{"timestamp": 1760013707346000, "side": "buy", "quantity": 0.069, "price": 124197.4}
{"timestamp": 1760013781344000, "side": "buy", "quantity": 0.02, "price": 124158.7}
{"timestamp": 1760013974388000, "side": "sell", "quantity": 0.003, "price": 122902.5}
{"timestamp": 1760014003418000, "side": "sell", "quantity": 0.009, "price": 122802.4}
{"timestamp": 1760014253927000, "side": "buy", "quantity": 0.045, "price": 123891.6}
{"timestamp": 1760014732077000, "side": "sell", "quantity": 0.002, "price": 123053.3}
{"timestamp": 1760015533305000, "side": "sell", "quantity": 0.176, "price": 122730.4}
{"timestamp": 1760015543474000, "side": "sell", "quantity": 0.001, "price": 122720.3}
{"timestamp": 1760015628478000, "side": "sell", "quantity": 0.003, "price": 122693.3}
{"timestamp": 1760015630230000, "side": "sell", "quantity": 0.003, "price": 122676.3}
{"timestamp": 1760015631308000, "side": "sell", "quantity": 0.022, "price": 122655.0}
{"timestamp": 1760016148520000, "side": "sell", "quantity": 0.001, "price": 122868.0}
{"timestamp": 1760016219206000, "side": "buy", "quantity": 0.002, "price": 123843.2}
{"timestamp": 1760016269238000, "side": "buy", "quantity": 0.074, "price": 123899.6}
{"timestamp": 1760016270588000, "side": "sell", "quantity": 0.003, "price": 123112.9}
{"timestamp": 1760016312482000, "side": "sell", "quantity": 0.007, "price": 123046.7}
{"timestamp": 1760016665144000, "side": "sell", "quantity": 0.008, "price": 122736.2}
{"timestamp": 1760016794325000, "side": "sell", "quantity": 0.066, "price": 122677.5}
{"timestamp": 1760016803031000, "side": "sell", "quantity": 0.002, "price": 122645.0}
{"timestamp": 1760016804410000, "side": "sell", "quantity": 0.016, "price": 122632.5}
{"timestamp": 1760016807404000, "side": "sell", "quantity": 0.001, "price": 122617.3}
{"timestamp": 1760016808636000, "side": "sell", "quantity": 0.004, "price": 122594.1}
{"timestamp": 1760016810383000, "side": "sell", "quantity": 0.003, "price": 122588.3}
{"timestamp": 1760016823669000, "side": "sell", "quantity": 0.066, "price": 122564.9}
{"timestamp": 1760016826053000, "side": "sell", "quantity": 0.008, "price": 122557.5}
{"timestamp": 1760016937070000, "side": "sell", "quantity": 0.003, "price": 122543.3}
{"timestamp": 1760016940477000, "side": "sell", "quantity": 0.04, "price": 122544.1}
{"timestamp": 1760016943405000, "side": "sell", "quantity": 0.006, "price": 122525.0}
{"timestamp": 1760016945384000, "side": "sell", "quantity": 0.001, "price": 122503.4}
{"timestamp": 1760016946409000, "side": "sell", "quantity": 0.264, "price": 122496.9}
{"timestamp": 1760016947417000, "side": "sell", "quantity": 0.001, "price": 122490.4}
{"timestamp": 1760017253591000, "side": "sell", "quantity": 0.01, "price": 122498.1}
{"timestamp": 1760017292066000, "side": "sell", "quantity": 0.004, "price": 122439.6}
{"timestamp": 1760017299339000, "side": "sell", "quantity": 0.003, "price": 122437.0}
{"timestamp": 1760017361135000, "side": "sell", "quantity": 0.067, "price": 122417.2}
{"timestamp": 1760017388191000, "side": "sell", "quantity": 0.133, "price": 122405.9}
{"timestamp": 1760017389409000, "side": "sell", "quantity": 0.014, "price": 122392.9}
{"timestamp": 1760017390438000, "side": "sell", "quantity": 0.002, "price": 122371.5}
{"timestamp": 1760017392145000, "side": "sell", "quantity": 0.101, "price": 122339.9}
{"timestamp": 1760017395136000, "side": "sell", "quantity": 0.035, "price": 122326.3}
{"timestamp": 1760017401645000, "side": "sell", "quantity": 0.003, "price": 122325.3}
{"timestamp": 1760017402667000, "side": "sell", "quantity": 0.116, "price": 122299.4}
{"timestamp": 1760017404049000, "side": "sell", "quantity": 0.002, "price": 122276.0}
{"timestamp": 1760017406193000, "side": "sell", "quantity": 0.008, "price": 122251.3}
{"timestamp": 1760017412168000, "side": "sell", "quantity": 0.072, "price": 122221.7}
{"timestamp": 1760017413375000, "side": "sell", "quantity": 0.07, "price": 122214.1}
{"timestamp": 1760017414591000, "side": "sell", "quantity": 0.227, "price": 122212.1}
{"timestamp": 1760017471289000, "side": "sell", "quantity": 0.041, "price": 122168.4}
{"timestamp": 1760017472382000, "side": "sell", "quantity": 0.002, "price": 122166.0}
{"timestamp": 1760017473513000, "side": "sell", "quantity": 0.048, "price": 122118.8}
{"timestamp": 1760017474555000, "side": "sell", "quantity": 0.001, "price": 122097.2}
{"timestamp": 1760017476077000, "side": "sell", "quantity": 0.013, "price": 122069.7}
{"timestamp": 1760017478142000, "side": "sell", "quantity": 0.004, "price": 122060.8}
{"timestamp": 1760017557502000, "side": "buy", "quantity": 0.429, "price": 123333.8}
{"timestamp": 1760017647161000, "side": "sell", "quantity": 0.006, "price": 122143.6}
{"timestamp": 1760017742203000, "side": "buy", "quantity": 0.011, "price": 123343.0}
{"timestamp": 1760017759481000, "side": "buy", "quantity": 0.01, "price": 123402.2}
{"timestamp": 1760017772163000, "side": "buy", "quantity": 0.003, "price": 123410.7}
{"timestamp": 1760017787280000, "side": "buy", "quantity": 0.096, "price": 123448.3}
{"timestamp": 1760017788439000, "side": "buy", "quantity": 0.001, "price": 123453.6}
{"timestamp": 1760017805130000, "side": "buy", "quantity": 0.001, "price": 123500.2}
{"timestamp": 1760017807306000, "side": "buy", "quantity": 0.019, "price": 123514.8}
{"timestamp": 1760018015505000, "side": "sell", "quantity": 0.017, "price": 122145.6}
{"timestamp": 1760018107423000, "side": "sell", "quantity": 0.118, "price": 122105.6}
{"timestamp": 1760018120184000, "side": "sell", "quantity": 0.001, "price": 122055.5}
{"timestamp": 1760018121250000, "side": "sell", "quantity": 0.004, "price": 122029.9}
{"timestamp": 1760018123163000, "side": "sell", "quantity": 1.218, "price": 122016.2}
{"timestamp": 1760018125551000, "side": "sell", "quantity": 0.05, "price": 122007.1}
{"timestamp": 1760018127158000, "side": "sell", "quantity": 0.001, "price": 121999.4}
{"timestamp": 1760018131150000, "side": "sell", "quantity": 0.046, "price": 121980.1}
{"timestamp": 1760018132658000, "side": "sell", "quantity": 0.513, "price": 121975.7}
{"timestamp": 1760018135164000, "side": "sell", "quantity": 0.005, "price": 121942.58}
{"timestamp": 1760018138630000, "side": "sell", "quantity": 0.005, "price": 121917.04}
{"timestamp": 1760018139765000, "side": "sell", "quantity": 0.038, "price": 121892.6}
{"timestamp": 1760018141602000, "side": "sell", "quantity": 0.005, "price": 121879.9}
{"timestamp": 1760018143382000, "side": "sell", "quantity": 2.107, "price": 121869.7}
{"timestamp": 1760018145149000, "side": "sell", "quantity": 0.002, "price": 121845.7}
{"timestamp": 1760018148063000, "side": "sell", "quantity": 0.003, "price": 121840.0}
{"timestamp": 1760018156233000, "side": "sell", "quantity": 4.399, "price": 121793.3}
{"timestamp": 1760018161080000, "side": "sell", "quantity": 0.015, "price": 121821.8}
{"timestamp": 1760018162217000, "side": "sell", "quantity": 0.007, "price": 121800.4}
{"timestamp": 1760018163243000, "side": "sell", "quantity": 0.02, "price": 121797.8}
{"timestamp": 1760018381107000, "side": "sell", "quantity": 0.006, "price": 121837.4}
{"timestamp": 1760018391080000, "side": "sell", "quantity": 0.003, "price": 121819.2}
{"timestamp": 1760018394208000, "side": "sell", "quantity": 0.001, "price": 121822.3}
{"timestamp": 1760018408146000, "side": "sell", "quantity": 0.73, "price": 121740.9}
{"timestamp": 1760018411341000, "side": "sell", "quantity": 0.009, "price": 121732.8}
{"timestamp": 1760018412366000, "side": "sell", "quantity": 0.078, "price": 121719.6}
{"timestamp": 1760018413380000, "side": "sell", "quantity": 0.048, "price": 121717.5}
{"timestamp": 1760018420054000, "side": "sell", "quantity": 0.041, "price": 121671.1}
{"timestamp": 1760018421081000, "side": "sell", "quantity": 0.009, "price": 121670.6}
{"timestamp": 1760018423054000, "side": "sell", "quantity": 0.102, "price": 121660.1}
{"timestamp": 1760018424153000, "side": "sell", "quantity": 0.002, "price": 121659.2}
{"timestamp": 1760018425189000, "side": "sell", "quantity": 0.086, "price": 121638.3}
{"timestamp": 1760018427199000, "side": "sell", "quantity": 0.001, "price": 121608.7}
{"timestamp": 1760018428230000, "side": "sell", "quantity": 0.405, "price": 121600.6}
{"timestamp": 1760018430161000, "side": "sell", "quantity": 0.003, "price": 121586.1}
{"timestamp": 1760018431172000, "side": "sell", "quantity": 0.001, "price": 121578.2}
{"timestamp": 1760018432555000, "side": "sell", "quantity": 0.001, "price": 121607.0}
{"timestamp": 1760018444151000, "side": "sell", "quantity": 0.093, "price": 121557.6}
{"timestamp": 1760018445497000, "side": "sell", "quantity": 0.017, "price": 121540.2}
{"timestamp": 1760018446620000, "side": "sell", "quantity": 0.003, "price": 121520.2}
{"timestamp": 1760018448097000, "side": "buy", "quantity": 0.006, "price": 122487.5}
{"timestamp": 1760018534820000, "side": "sell", "quantity": 0.152, "price": 121702.4}
{"timestamp": 1760018557042000, "side": "sell", "quantity": 0.122, "price": 121508.8}
{"timestamp": 1760018661273000, "side": "sell", "quantity": 0.008, "price": 121497.0}
{"timestamp": 1760018663068000, "side": "sell", "quantity": 0.699, "price": 121485.9}
{"timestamp": 1760018887441000, "side": "sell", "quantity": 0.033, "price": 121459.8}
{"timestamp": 1760018888567000, "side": "sell", "quantity": 0.003, "price": 121438.9}
{"timestamp": 1760018889600000, "side": "sell", "quantity": 0.27, "price": 121426.3}
{"timestamp": 1760018890729000, "side": "sell", "quantity": 0.002, "price": 121417.4}
{"timestamp": 1760018893232000, "side": "sell", "quantity": 0.001, "price": 121390.1}
{"timestamp": 1760018894233000, "side": "sell", "quantity": 0.01, "price": 121360.0}
{"timestamp": 1760018895444000, "side": "sell", "quantity": 0.003, "price": 121336.4}
{"timestamp": 1760018896569000, "side": "buy", "quantity": 0.005, "price": 122268.3}
{"timestamp": 1760018898594000, "side": "sell", "quantity": 0.07, "price": 121328.1}
{"timestamp": 1760018899649000, "side": "sell", "quantity": 0.005, "price": 121326.5}
{"timestamp": 1760018901312000, "side": "sell", "quantity": 0.001, "price": 121315.5}
{"timestamp": 1760018903427000, "side": "sell", "quantity": 0.001, "price": 121307.4}
{"timestamp": 1760018905116000, "side": "sell", "quantity": 0.055, "price": 121299.5}
{"timestamp": 1760018909076000, "side": "sell", "quantity": 0.001, "price": 121298.0}
{"timestamp": 1760018911124000, "side": "sell", "quantity": 0.016, "price": 121275.7}
{"timestamp": 1760018912159000, "side": "sell", "quantity": 0.003, "price": 121271.4}
{"timestamp": 1760018913225000, "side": "sell", "quantity": 0.006, "price": 121237.0}
{"timestamp": 1760019020083000, "side": "buy", "quantity": 0.009, "price": 122570.0}
{"timestamp": 1760019035161000, "side": "buy", "quantity": 0.003, "price": 122622.3}
{"timestamp": 1760019038395000, "side": "buy", "quantity": 0.032, "price": 122659.5}
{"timestamp": 1760019075406000, "side": "buy", "quantity": 0.002, "price": 122734.8}
{"timestamp": 1760019077045000, "side": "buy", "quantity": 0.005, "price": 122755.4}
{"timestamp": 1760019092065000, "side": "buy", "quantity": 0.001, "price": 122774.0}
{"timestamp": 1760019094438000, "side": "buy", "quantity": 0.299, "price": 122794.1}
{"timestamp": 1760019098045000, "side": "buy", "quantity": 0.008, "price": 122811.2}
{"timestamp": 1760019099388000, "side": "buy", "quantity": 0.289, "price": 122815.5}
{"timestamp": 1760019142049000, "side": "buy", "quantity": 0.032, "price": 122866.6}
{"timestamp": 1760019149511000, "side": "buy", "quantity": 0.011, "price": 122867.0}
{"timestamp": 1760019152448000, "side": "buy", "quantity": 0.033, "price": 122888.5}
{"timestamp": 1760019154116000, "side": "buy", "quantity": 0.001, "price": 122907.6}
{"timestamp": 1760019189538000, "side": "buy", "quantity": 0.001, "price": 122933.3}
{"timestamp": 1760019195067000, "side": "buy", "quantity": 0.037, "price": 122961.1}
{"timestamp": 1760019198477000, "side": "buy", "quantity": 0.001, "price": 122986.2}
{"timestamp": 1760019204255000, "side": "buy", "quantity": 0.02, "price": 123002.3}
{"timestamp": 1760019386343000, "side": "sell", "quantity": 0.017, "price": 121702.3}
{"timestamp": 1760019415058000, "side": "sell", "quantity": 0.024, "price": 121677.3}
{"timestamp": 1760019423134000, "side": "sell", "quantity": 0.01, "price": 121650.7}
{"timestamp": 1760019431204000, "side": "sell", "quantity": 0.001, "price": 121622.6}
{"timestamp": 1760019680654000, "side": "sell", "quantity": 0.049, "price": 121574.9}
{"timestamp": 1760019683213000, "side": "sell", "quantity": 0.014, "price": 121518.0}
{"timestamp": 1760019687081000, "side": "sell", "quantity": 0.006, "price": 121483.1}
{"timestamp": 1760019688480000, "side": "sell", "quantity": 0.953, "price": 121475.1}
{"timestamp": 1760019689523000, "side": "sell", "quantity": 0.023, "price": 121471.5}
{"timestamp": 1760019692308000, "side": "sell", "quantity": 0.013, "price": 121434.1}
{"timestamp": 1760019699207000, "side": "sell", "quantity": 0.132, "price": 121408.7}
{"timestamp": 1760019702078000, "side": "sell", "quantity": 0.001, "price": 121400.4}
{"timestamp": 1760019733117000, "side": "sell", "quantity": 0.016, "price": 121383.0}
{"timestamp": 1760019757099000, "side": "sell", "quantity": 0.001, "price": 121361.8}
{"timestamp": 1760019760278000, "side": "sell", "quantity": 0.005, "price": 121323.9}
{"timestamp": 1760019764205000, "side": "sell", "quantity": 0.004, "price": 121290.4}
{"timestamp": 1760019769608000, "side": "sell", "quantity": 0.079, "price": 121292.8}
{"timestamp": 1760019774570000, "side": "sell", "quantity": 0.932, "price": 121254.3}
{"timestamp": 1760019796284000, "side": "sell", "quantity": 0.157, "price": 121244.2}
{"timestamp": 1760019801224000, "side": "sell", "quantity": 0.098, "price": 121264.7}
{"timestamp": 1760019807059000, "side": "sell", "quantity": 0.018, "price": 121221.4}
{"timestamp": 1760019809122000, "side": "sell", "quantity": 0.004, "price": 121185.0}
{"timestamp": 1760019811072000, "side": "sell", "quantity": 0.003, "price": 121159.7}
{"timestamp": 1760019812216000, "side": "sell", "quantity": 0.089, "price": 121136.1}
{"timestamp": 1760019813329000, "side": "sell", "quantity": 0.018, "price": 121128.9}
{"timestamp": 1760019815167000, "side": "sell", "quantity": 0.012, "price": 121118.8}
{"timestamp": 1760019816180000, "side": "sell", "quantity": 0.012, "price": 121110.3}
{"timestamp": 1760019818034000, "side": "sell", "quantity": 0.001, "price": 121102.1}
{"timestamp": 1760019855046000, "side": "sell", "quantity": 1.5, "price": 121098.4}
{"timestamp": 1760019856153000, "side": "sell", "quantity": 0.023, "price": 121074.6}
{"timestamp": 1760019857172000, "side": "sell", "quantity": 0.021, "price": 121079.5}
{"timestamp": 1760019858191000, "side": "sell", "quantity": 0.047, "price": 121038.2}
{"timestamp": 1760019859568000, "side": "sell", "quantity": 0.003, "price": 121010.4}
{"timestamp": 1760019862143000, "side": "sell", "quantity": 0.008, "price": 121004.1}
{"timestamp": 1760019988897000, "side": "sell", "quantity": 0.001, "price": 121098.0}
{"timestamp": 1760020128140000, "side": "sell", "quantity": 0.024, "price": 121155.2}
{"timestamp": 1760020160245000, "side": "sell", "quantity": 0.016, "price": 121115.2}
{"timestamp": 1760020163922000, "side": "sell", "quantity": 0.004, "price": 121095.13}
{"timestamp": 1760020167397000, "side": "sell", "quantity": 0.025, "price": 121080.5}
{"timestamp": 1760020168512000, "side": "sell", "quantity": 0.177, "price": 121079.3}
{"timestamp": 1760020179045000, "side": "sell", "quantity": 0.001, "price": 121078.0}
{"timestamp": 1760020184098000, "side": "sell", "quantity": 0.042, "price": 121089.2}
{"timestamp": 1760020206144000, "side": "sell", "quantity": 0.002, "price": 121097.5}
{"timestamp": 1760020212178000, "side": "sell", "quantity": 0.037, "price": 121066.7}
{"timestamp": 1760020214238000, "side": "sell", "quantity": 0.005, "price": 121042.9}
{"timestamp": 1760020216133000, "side": "sell", "quantity": 0.01, "price": 121032.7}
{"timestamp": 1760020217356000, "side": "sell", "quantity": 0.031, "price": 121031.3}
{"timestamp": 1760020219132000, "side": "sell", "quantity": 0.001, "price": 120993.0}
{"timestamp": 1760020220422000, "side": "sell", "quantity": 0.06, "price": 120986.2}
{"timestamp": 1760020221619000, "side": "sell", "quantity": 0.001, "price": 120972.1}
{"timestamp": 1760020222678000, "side": "buy", "quantity": 0.004, "price": 121943.1}
{"timestamp": 1760020224074000, "side": "buy", "quantity": 0.001, "price": 121929.0}
{"timestamp": 1760020225108000, "side": "sell", "quantity": 0.011, "price": 120960.4}
{"timestamp": 1760020226452000, "side": "sell", "quantity": 0.013, "price": 120957.5}
{"timestamp": 1760020227583000, "side": "sell", "quantity": 0.05, "price": 120949.4}
{"timestamp": 1760020229738000, "side": "sell", "quantity": 0.009, "price": 120947.8}
{"timestamp": 1760020231300000, "side": "sell", "quantity": 0.385, "price": 120947.9}
{"timestamp": 1760020233277000, "side": "sell", "quantity": 0.008, "price": 120922.9}
{"timestamp": 1760020259189000, "side": "sell", "quantity": 0.01, "price": 120965.3}
{"timestamp": 1760020275368000, "side": "sell", "quantity": 0.005, "price": 120987.0}
{"timestamp": 1760020278412000, "side": "sell", "quantity": 0.016, "price": 120943.6}
{"timestamp": 1760020284052000, "side": "sell", "quantity": 0.002, "price": 120898.9}
{"timestamp": 1760020285205000, "side": "sell", "quantity": 0.004, "price": 120893.1}
{"timestamp": 1760020287590000, "side": "sell", "quantity": 0.028, "price": 120890.5}
{"timestamp": 1760020289046000, "side": "sell", "quantity": 0.01, "price": 120882.1}
{"timestamp": 1760020303564000, "side": "sell", "quantity": 1.0, "price": 120898.2}
{"timestamp": 1760020307073000, "side": "sell", "quantity": 0.002, "price": 120874.5}
{"timestamp": 1760020311100000, "side": "sell", "quantity": 0.003, "price": 120897.3}
{"timestamp": 1760020312248000, "side": "sell", "quantity": 0.013, "price": 120902.4}
{"timestamp": 1760020384058000, "side": "sell", "quantity": 0.018, "price": 120954.0}
{"timestamp": 1760020388059000, "side": "sell", "quantity": 0.002, "price": 120960.0}
{"timestamp": 1760020389348000, "side": "sell", "quantity": 0.002, "price": 120945.4}
{"timestamp": 1760020392095000, "side": "buy", "quantity": 0.012, "price": 121908.3}
{"timestamp": 1760020409048000, "side": "sell", "quantity": 0.001, "price": 120956.7}
{"timestamp": 1760020412373000, "side": "sell", "quantity": 0.017, "price": 120956.0}
{"timestamp": 1760020417243000, "side": "sell", "quantity": 0.02, "price": 120891.8}
{"timestamp": 1760020418468000, "side": "sell", "quantity": 0.009, "price": 120896.9}
{"timestamp": 1760020419591000, "side": "buy", "quantity": 0.01, "price": 121855.5}
{"timestamp": 1760020421597000, "side": "sell", "quantity": 0.007, "price": 120890.2}
{"timestamp": 1760020422611000, "side": "buy", "quantity": 0.077, "price": 121847.6}
{"timestamp": 1760020428383000, "side": "sell", "quantity": 0.001, "price": 120865.6}
{"timestamp": 1760020430044000, "side": "sell", "quantity": 0.018, "price": 120850.1}
{"timestamp": 1760020443127000, "side": "sell", "quantity": 0.02, "price": 121112.9}
{"timestamp": 1760020447373000, "side": "buy", "quantity": 0.001, "price": 121864.5}
{"timestamp": 1760020454243000, "side": "sell", "quantity": 0.001, "price": 120899.7}
{"timestamp": 1760020455384000, "side": "sell", "quantity": 0.002, "price": 120892.6}
{"timestamp": 1760020456491000, "side": "sell", "quantity": 0.004, "price": 120899.1}
{"timestamp": 1760020457587000, "side": "sell", "quantity": 0.001, "price": 120900.2}
{"timestamp": 1760020459343000, "side": "sell", "quantity": 0.005, "price": 120896.5}
{"timestamp": 1760020460885000, "side": "buy", "quantity": 0.002, "price": 121865.63}
{"timestamp": 1760020462458000, "side": "sell", "quantity": 0.002, "price": 120878.7}
{"timestamp": 1760020463504000, "side": "sell", "quantity": 0.005, "price": 120905.7}
{"timestamp": 1760020465104000, "side": "sell", "quantity": 0.001, "price": 120905.2}
{"timestamp": 1760020466501000, "side": "sell", "quantity": 0.001, "price": 120874.6}
{"timestamp": 1760020467514000, "side": "sell", "quantity": 0.006, "price": 120865.3}
{"timestamp": 1760020468630000, "side": "sell", "quantity": 0.002, "price": 120907.3}
{"timestamp": 1760020471320000, "side": "sell", "quantity": 0.002, "price": 120861.0}
{"timestamp": 1760020475097000, "side": "sell", "quantity": 0.018, "price": 120851.5}
{"timestamp": 1760020478155000, "side": "sell", "quantity": 0.4, "price": 120867.2}
{"timestamp": 1760020479460000, "side": "sell", "quantity": 0.001, "price": 120849.4}
{"timestamp": 1760020481465000, "side": "sell", "quantity": 0.067, "price": 120857.2}
{"timestamp": 1760020508664000, "side": "sell", "quantity": 0.002, "price": 120954.77}
{"timestamp": 1760020523568000, "side": "buy", "quantity": 0.01, "price": 121870.2}
{"timestamp": 1760020533636000, "side": "sell", "quantity": 0.004, "price": 120873.1}
{"timestamp": 1760020535086000, "side": "sell", "quantity": 0.043, "price": 120862.0}
{"timestamp": 1760020558348000, "side": "sell", "quantity": 0.032, "price": 120881.9}
{"timestamp": 1760020571134000, "side": "sell", "quantity": 0.004, "price": 120869.1}
{"timestamp": 1760020577312000, "side": "sell", "quantity": 0.002, "price": 120838.9}
{"timestamp": 1760020579063000, "side": "sell", "quantity": 0.014, "price": 120800.6}
{"timestamp": 1760020581085000, "side": "sell", "quantity": 0.025, "price": 120804.0}
{"timestamp": 1760020583299000, "side": "sell", "quantity": 0.01, "price": 120789.9}
{"timestamp": 1760020585140000, "side": "sell", "quantity": 0.038, "price": 120788.2}
{"timestamp": 1760020587110000, "side": "sell", "quantity": 0.005, "price": 120774.8}
{"timestamp": 1760020601181000, "side": "sell", "quantity": 0.041, "price": 120761.1}
{"timestamp": 1760020604421000, "side": "sell", "quantity": 0.016, "price": 120754.2}
{"timestamp": 1760020606381000, "side": "sell", "quantity": 0.088, "price": 120753.7}
{"timestamp": 1760020607559000, "side": "buy", "quantity": 0.001, "price": 121716.1}
{"timestamp": 1760020691399000, "side": "buy", "quantity": 0.009, "price": 122084.1}
{"timestamp": 1760020726259000, "side": "buy", "quantity": 0.024, "price": 122136.2}
{"timestamp": 1760020735592000, "side": "buy", "quantity": 0.029, "price": 122167.5}
{"timestamp": 1760020737405000, "side": "buy", "quantity": 0.021, "price": 122174.0}
{"timestamp": 1760020789733000, "side": "sell", "quantity": 0.008, "price": 120949.8}
{"timestamp": 1760020871404000, "side": "buy", "quantity": 0.002, "price": 122185.0}
{"timestamp": 1760020876239000, "side": "buy", "quantity": 0.004, "price": 122236.0}
{"timestamp": 1760021017209000, "side": "sell", "quantity": 0.003, "price": 120901.2}
{"timestamp": 1760021029531000, "side": "sell", "quantity": 0.023, "price": 120890.3}
{"timestamp": 1760021033037000, "side": "sell", "quantity": 0.003, "price": 120860.8}
{"timestamp": 1760021034096000, "side": "sell", "quantity": 0.023, "price": 120844.6}
{"timestamp": 1760021087371000, "side": "sell", "quantity": 0.005, "price": 120810.1}
{"timestamp": 1760021091272000, "side": "sell", "quantity": 0.074, "price": 120794.1}
{"timestamp": 1760021098120000, "side": "sell", "quantity": 0.003, "price": 120774.8}
{"timestamp": 1760021099359000, "side": "sell", "quantity": 0.011, "price": 120766.8}
{"timestamp": 1760021100507000, "side": "sell", "quantity": 0.003, "price": 120734.5}
{"timestamp": 1760021101523000, "side": "sell", "quantity": 0.138, "price": 120721.4}
{"timestamp": 1760021111687000, "side": "sell", "quantity": 0.007, "price": 120785.8}
{"timestamp": 1760021118221000, "side": "buy", "quantity": 0.1, "price": 121694.2}
{"timestamp": 1760021127145000, "side": "sell", "quantity": 0.003, "price": 120702.5}
{"timestamp": 1760021128216000, "side": "sell", "quantity": 0.07, "price": 120692.8}
{"timestamp": 1760021135099000, "side": "sell", "quantity": 0.004, "price": 120674.7}
{"timestamp": 1760021142604000, "side": "sell", "quantity": 0.095, "price": 120693.3}
{"timestamp": 1760021144249000, "side": "sell", "quantity": 0.001, "price": 120647.2}
{"timestamp": 1760021145284000, "side": "sell", "quantity": 0.038, "price": 120638.3}
{"timestamp": 1760021151431000, "side": "sell", "quantity": 0.001, "price": 120659.9}
{"timestamp": 1760021162333000, "side": "sell", "quantity": 0.004, "price": 120657.3}
{"timestamp": 1760021207024000, "side": "sell", "quantity": 0.001, "price": 120574.3}
{"timestamp": 1760021209104000, "side": "sell", "quantity": 0.075, "price": 120542.4}
{"timestamp": 1760021210134000, "side": "sell", "quantity": 0.052, "price": 120536.9}
{"timestamp": 1760021211170000, "side": "sell", "quantity": 0.001, "price": 120528.1}
{"timestamp": 1760021212240000, "side": "sell", "quantity": 0.149, "price": 120473.8}
{"timestamp": 1760021213261000, "side": "sell", "quantity": 0.008, "price": 120453.1}
{"timestamp": 1760021214263000, "side": "sell", "quantity": 0.426, "price": 120429.9}
{"timestamp": 1760021215301000, "side": "sell", "quantity": 0.1, "price": 120399.1}
{"timestamp": 1760021217039000, "side": "sell", "quantity": 0.034, "price": 120373.6}
{"timestamp": 1760021218071000, "side": "sell", "quantity": 0.337, "price": 120342.6}
{"timestamp": 1760021219071000, "side": "sell", "quantity": 0.013, "price": 120337.2}
{"timestamp": 1760021260095000, "side": "sell", "quantity": 0.007, "price": 120323.0}
{"timestamp": 1760021262067000, "side": "sell", "quantity": 0.454, "price": 120299.0}
{"timestamp": 1760021263154000, "side": "sell", "quantity": 0.012, "price": 120267.6}
{"timestamp": 1760021264202000, "side": "sell", "quantity": 0.007, "price": 120263.4}
{"timestamp": 1760021265326000, "side": "sell", "quantity": 0.002, "price": 120238.4}
{"timestamp": 1760021266656000, "side": "sell", "quantity": 0.012, "price": 120231.2}
{"timestamp": 1760021270153000, "side": "sell", "quantity": 0.012, "price": 120224.5}
{"timestamp": 1760021271343000, "side": "sell", "quantity": 0.012, "price": 120217.5}
{"timestamp": 1760021360069000, "side": "buy", "quantity": 0.007, "price": 121465.3}
{"timestamp": 1760021490116000, "side": "buy", "quantity": 0.735, "price": 121692.8}
{"timestamp": 1760021495199000, "side": "buy", "quantity": 0.027, "price": 121716.0}
{"timestamp": 1760021643606000, "side": "buy", "quantity": 0.038, "price": 121750.6}
{"timestamp": 1760021652185000, "side": "sell", "quantity": 0.008, "price": 120774.5}
{"timestamp": 1760021724419000, "side": "buy", "quantity": 0.001, "price": 121807.4}
{"timestamp": 1760021728396000, "side": "buy", "quantity": 0.009, "price": 121861.0}
{"timestamp": 1760021731108000, "side": "buy", "quantity": 0.021, "price": 121868.7}
{"timestamp": 1760022031236000, "side": "buy", "quantity": 0.002, "price": 121945.7}
{"timestamp": 1760022035569000, "side": "buy", "quantity": 0.003, "price": 121985.0}
{"timestamp": 1760022037650000, "side": "buy", "quantity": 0.107, "price": 121987.7}
{"timestamp": 1760022055068000, "side": "buy", "quantity": 0.107, "price": 122014.2}
{"timestamp": 1760022067493000, "side": "buy", "quantity": 0.001, "price": 122025.8}
{"timestamp": 1760022078150000, "side": "buy", "quantity": 0.02, "price": 122053.7}
{"timestamp": 1760022098160000, "side": "buy", "quantity": 0.024, "price": 122122.0}
{"timestamp": 1760022103481000, "side": "buy", "quantity": 0.001, "price": 122131.5}
{"timestamp": 1760022105334000, "side": "buy", "quantity": 0.041, "price": 122140.1}
{"timestamp": 1760022107138000, "side": "buy", "quantity": 0.006, "price": 122142.9}
{"timestamp": 1760022320158000, "side": "buy", "quantity": 0.001, "price": 121898.7}
{"timestamp": 1760022398229000, "side": "buy", "quantity": 0.001, "price": 121887.0}
{"timestamp": 1760022445533000, "side": "sell", "quantity": 0.033, "price": 120869.5}
{"timestamp": 1760022746178000, "side": "sell", "quantity": 0.001, "price": 120762.1}
{"timestamp": 1760023076044000, "side": "buy", "quantity": 0.047, "price": 121708.0}
{"timestamp": 1760023097394000, "side": "sell", "quantity": 0.001, "price": 120692.4}
{"timestamp": 1760023226043000, "side": "buy", "quantity": 0.002, "price": 121689.4}
{"timestamp": 1760023234172000, "side": "sell", "quantity": 0.084, "price": 120706.5}
{"timestamp": 1760023278522000, "side": "sell", "quantity": 0.003, "price": 120685.5}
{"timestamp": 1760023434140000, "side": "sell", "quantity": 0.004, "price": 120720.0}
{"timestamp": 1760023457228000, "side": "sell", "quantity": 0.5, "price": 120663.0}
{"timestamp": 1760023460585000, "side": "sell", "quantity": 0.026, "price": 120644.9}
{"timestamp": 1760023463575000, "side": "sell", "quantity": 0.753, "price": 120632.3}
{"timestamp": 1760023471252000, "side": "sell", "quantity": 0.006, "price": 120580.5}
{"timestamp": 1760023485492000, "side": "sell", "quantity": 0.004, "price": 120555.3}
{"timestamp": 1760023486530000, "side": "sell", "quantity": 0.003, "price": 120536.6}
{"timestamp": 1760023490313000, "side": "sell", "quantity": 0.006, "price": 120515.6}
{"timestamp": 1760023491556000, "side": "sell", "quantity": 0.04, "price": 120509.1}
{"timestamp": 1760023711219000, "side": "sell", "quantity": 0.015, "price": 120585.7}
{"timestamp": 1760023747482000, "side": "buy", "quantity": 0.001, "price": 121447.4}
{"timestamp": 1760023758247000, "side": "sell", "quantity": 0.014, "price": 120482.9}
{"timestamp": 1760023759937000, "side": "sell", "quantity": 0.056, "price": 120474.37}
{"timestamp": 1760023817219000, "side": "sell", "quantity": 0.02, "price": 120458.9}
{"timestamp": 1760023820581000, "side": "sell", "quantity": 0.169, "price": 120457.2}
{"timestamp": 1760023822569000, "side": "sell", "quantity": 1.99, "price": 120441.6}
{"timestamp": 1760023826148000, "side": "sell", "quantity": 0.172, "price": 120430.6}
{"timestamp": 1760023829516000, "side": "sell", "quantity": 0.032, "price": 120427.1}
{"timestamp": 1760023832381000, "side": "buy", "quantity": 0.008, "price": 121372.3}
{"timestamp": 1760023837630000, "side": "sell", "quantity": 0.01, "price": 120398.2}
{"timestamp": 1760024086503000, "side": "sell", "quantity": 0.001, "price": 120349.5}
{"timestamp": 1760024106535000, "side": "sell", "quantity": 0.2, "price": 120345.2}
{"timestamp": 1760024108317000, "side": "sell", "quantity": 0.008, "price": 120337.6}
{"timestamp": 1760024116143000, "side": "sell", "quantity": 0.013, "price": 120313.2}
{"timestamp": 1760024117548000, "side": "sell", "quantity": 0.004, "price": 120309.3}
{"timestamp": 1760024121038000, "side": "sell", "quantity": 0.099, "price": 120305.8}
{"timestamp": 1760024122489000, "side": "sell", "quantity": 0.167, "price": 120305.2}
