{"timestamp": 1767284483448000, "side": "BUY", "quantity": 0.01, "price": 88226.1}
{"timestamp": 1767284549430000, "side": "SELL", "quantity": 0.008, "price": 87488.7}
{"timestamp": 1767284781126000, "side": "BUY", "quantity": 0.005, "price": 88242.5}
{"timestamp": 1767284838122000, "side": "SELL", "quantity": 0.018, "price": 87548.5}
{"timestamp": 1767285114170000, "side": "BUY", "quantity": 0.056, "price": 88275.4}
{"timestamp": 1767285275621000, "side": "BUY", "quantity": 0.003, "price": 88284.53}
{"timestamp": 1767285288520000, "side": "SELL", "quantity": 0.047, "price": 87613.2}
{"timestamp": 1767285909513000, "side": "BUY", "quantity": 0.002, "price": 88250.29}
{"timestamp": 1767286822405000, "side": "SELL", "quantity": 0.079, "price": 87609.8}
{"timestamp": 1767286893651000, "side": "SELL", "quantity": 0.002, "price": 87599.1}
{"timestamp": 1767286951554000, "side": "SELL", "quantity": 0.011, "price": 87582.8}
{"timestamp": 1767287280517000, "side": "SELL", "quantity": 0.005, "price": 87623.9}
{"timestamp": 1767287416144000, "side": "SELL", "quantity": 0.069, "price": 87716.2}
{"timestamp": 1767287418185000, "side": "BUY", "quantity": 0.005, "price": 88290.7}
{"timestamp": 1767287930257000, "side": "BUY", "quantity": 0.034, "price": 88379.8}
{"timestamp": 1767288048047000, "side": "BUY", "quantity": 0.145, "price": 88404.5}
{"timestamp": 1767288049579000, "side": "BUY", "quantity": 0.011, "price": 88466.01}
{"timestamp": 1767288050622000, "side": "BUY", "quantity": 0.009, "price": 88488.5}
{"timestamp": 1767288051644000, "side": "BUY", "quantity": 0.007, "price": 88494.1}
{"timestamp": 1767288061218000, "side": "BUY", "quantity": 6.366, "price": 88543.8}
{"timestamp": 1767288062225000, "side": "BUY", "quantity": 0.008, "price": 88528.3}
{"timestamp": 1767288063369000, "side": "BUY", "quantity": 0.066, "price": 88538.1}
{"timestamp": 1767288084085000, "side": "BUY", "quantity": 0.002, "price": 88549.0}
{"timestamp": 1767288085126000, "side": "BUY", "quantity": 0.009, "price": 88555.7}
{"timestamp": 1767288086203000, "side": "BUY", "quantity": 0.032, "price": 88571.6}
{"timestamp": 1767288087515000, "side": "BUY", "quantity": 0.003, "price": 88574.2}
{"timestamp": 1767288091507000, "side": "BUY", "quantity": 0.018, "price": 88570.5}
{"timestamp": 1767288096410000, "side": "BUY", "quantity": 0.004, "price": 88580.8}
{"timestamp": 1767288098093000, "side": "BUY", "quantity": 0.023, "price": 88588.8}
{"timestamp": 1767288132561000, "side": "SELL", "quantity": 0.025, "price": 87850.5}
{"timestamp": 1767288143141000, "side": "BUY", "quantity": 0.004, "price": 88592.1}
{"timestamp": 1767288398490000, "side": "SELL", "quantity": 0.005, "price": 87870.8}
{"timestamp": 1767288603421000, "side": "BUY", "quantity": 0.004, "price": 88597.0}
{"timestamp": 1767288604535000, "side": "BUY", "quantity": 0.006, "price": 88597.2}
{"timestamp": 1767288605655000, "side": "BUY", "quantity": 1.057, "price": 88620.6}
{"timestamp": 1767288606692000, "side": "BUY", "quantity": 0.006, "price": 88640.3}
{"timestamp": 1767288625046000, "side": "BUY", "quantity": 0.07, "price": 88669.6}
{"timestamp": 1767288627172000, "side": "BUY", "quantity": 0.05, "price": 88689.7}
{"timestamp": 1767288633612000, "side": "BUY", "quantity": 0.022, "price": 88712.8}
{"timestamp": 1767288634701000, "side": "BUY", "quantity": 0.002, "price": 88735.5}
{"timestamp": 1767288636105000, "side": "BUY", "quantity": 0.004, "price": 88744.0}
{"timestamp": 1767288652078000, "side": "BUY", "quantity": 0.002, "price": 88758.5}
{"timestamp": 1767288654634000, "side": "BUY", "quantity": 0.07, "price": 88764.0}
{"timestamp": 1767288656204000, "side": "BUY", "quantity": 0.008, "price": 88766.3}
{"timestamp": 1767288658215000, "side": "BUY", "quantity": 0.013, "price": 88772.7}
{"timestamp": 1767288659218000, "side": "BUY", "quantity": 0.29, "price": 88782.7}
{"timestamp": 1767288660412000, "side": "BUY", "quantity": 0.059, "price": 88794.2}
{"timestamp": 1767288661447000, "side": "BUY", "quantity": 0.032, "price": 88799.9}
{"timestamp": 1767288673039000, "side": "BUY", "quantity": 0.072, "price": 88826.6}
{"timestamp": 1767289684670000, "side": "BUY", "quantity": 0.004, "price": 88438.9}
{"timestamp": 1767289685769000, "side": "SELL", "quantity": 0.004, "price": 88186.0}
{"timestamp": 1767289716055000, "side": "BUY", "quantity": 0.005, "price": 88628.0}
{"timestamp": 1767289719444000, "side": "SELL", "quantity": 0.004, "price": 88024.6}
{"timestamp": 1767289721801000, "side": "SELL", "quantity": 0.012, "price": 87970.0}
{"timestamp": 1767289765063000, "side": "SELL", "quantity": 0.032, "price": 87971.8}
{"timestamp": 1767289766166000, "side": "BUY", "quantity": 0.002, "price": 88622.6}
{"timestamp": 1767289798098000, "side": "SELL", "quantity": 0.009, "price": 87955.9}
{"timestamp": 1767290198197000, "side": "SELL", "quantity": 0.002, "price": 87914.5}
{"timestamp": 1767290438284000, "side": "SELL", "quantity": 0.002, "price": 87957.7}
{"timestamp": 1767290596272000, "side": "SELL", "quantity": 0.002, "price": 87941.4}
{"timestamp": 1767290598515000, "side": "SELL", "quantity": 0.042, "price": 87925.5}
{"timestamp": 1767290602179000, "side": "BUY", "quantity": 0.003, "price": 88625.1}
{"timestamp": 1767290627328000, "side": "SELL", "quantity": 0.006, "price": 87941.9}
{"timestamp": 1767290628583000, "side": "BUY", "quantity": 0.008, "price": 88582.0}
{"timestamp": 1767290629587000, "side": "BUY", "quantity": 0.006, "price": 88605.42}
{"timestamp": 1767290727069000, "side": "SELL", "quantity": 0.004, "price": 87860.5}
{"timestamp": 1767290728157000, "side": "SELL", "quantity": 0.015, "price": 87851.9}
{"timestamp": 1767290733843000, "side": "SELL", "quantity": 0.011, "price": 87834.3}
{"timestamp": 1767290771651000, "side": "SELL", "quantity": 0.017, "price": 87829.1}
{"timestamp": 1767290811231000, "side": "SELL", "quantity": 0.004, "price": 87875.0}
{"timestamp": 1767290816581000, "side": "SELL", "quantity": 0.018, "price": 87846.6}
{"timestamp": 1767291279438000, "side": "SELL", "quantity": 0.068, "price": 87805.9}
{"timestamp": 1767291320571000, "side": "SELL", "quantity": 0.739, "price": 87756.4}
{"timestamp": 1767292104357000, "side": "SELL", "quantity": 0.13, "price": 87743.5}
{"timestamp": 1767292121373000, "side": "SELL", "quantity": 0.03, "price": 87736.3}
{"timestamp": 1767292164042000, "side": "SELL", "quantity": 0.003, "price": 87724.3}
{"timestamp": 1767292532601000, "side": "BUY", "quantity": 0.043, "price": 88465.7}
{"timestamp": 1767292810329000, "side": "SELL", "quantity": 0.004, "price": 87768.3}
{"timestamp": 1767292993512000, "side": "BUY", "quantity": 0.078, "price": 88465.3}
{"timestamp": 1767293585226000, "side": "BUY", "quantity": 0.023, "price": 88476.9}
{"timestamp": 1767293673618000, "side": "BUY", "quantity": 0.027, "price": 88497.4}
{"timestamp": 1767294818356000, "side": "SELL", "quantity": 0.013, "price": 87701.2}
{"timestamp": 1767295703158000, "side": "SELL", "quantity": 0.171, "price": 87804.8}
{"timestamp": 1767296411402000, "side": "BUY", "quantity": 0.002, "price": 88549.9}
{"timestamp": 1767296495093000, "side": "BUY", "quantity": 0.366, "price": 88639.4}
{"timestamp": 1767296943232000, "side": "BUY", "quantity": 0.003, "price": 88671.3}
{"timestamp": 1767296944438000, "side": "BUY", "quantity": 0.005, "price": 88677.2}
{"timestamp": 1767296947133000, "side": "BUY", "quantity": 0.014, "price": 88690.8}
{"timestamp": 1767296948339000, "side": "BUY", "quantity": 0.045, "price": 88699.6}
{"timestamp": 1767296991654000, "side": "BUY", "quantity": 0.082, "price": 88701.9}
{"timestamp": 1767297004366000, "side": "BUY", "quantity": 0.013, "price": 88716.4}
{"timestamp": 1767297045587000, "side": "BUY", "quantity": 0.007, "price": 88731.2}
{"timestamp": 1767297053213000, "side": "BUY", "quantity": 0.002, "price": 88741.4}
{"timestamp": 1767297060494000, "side": "BUY", "quantity": 0.022, "price": 88736.2}
{"timestamp": 1767297064318000, "side": "BUY", "quantity": 0.002, "price": 88746.8}
{"timestamp": 1767297076471000, "side": "BUY", "quantity": 0.32, "price": 88749.6}
{"timestamp": 1767297573424000, "side": "SELL", "quantity": 0.122, "price": 87953.1}
{"timestamp": 1767297716232000, "side": "BUY", "quantity": 0.51, "price": 88679.5}
{"timestamp": 1767297730719000, "side": "BUY", "quantity": 0.002, "price": 88688.6}
{"timestamp": 1767297735705000, "side": "SELL", "quantity": 0.436, "price": 88000.5}
{"timestamp": 1767298516628000, "side": "SELL", "quantity": 0.018, "price": 87959.3}
{"timestamp": 1767298519368000, "side": "SELL", "quantity": 0.002, "price": 87982.4}
{"timestamp": 1767298521566000, "side": "SELL", "quantity": 0.116, "price": 87945.74}
{"timestamp": 1767298524605000, "side": "SELL", "quantity": 0.004, "price": 87974.6}
{"timestamp": 1767298526244000, "side": "SELL", "quantity": 0.101, "price": 87976.5}
{"timestamp": 1767298530530000, "side": "BUY", "quantity": 0.002, "price": 88629.8}
{"timestamp": 1767298546680000, "side": "SELL", "quantity": 0.003, "price": 87950.7}
{"timestamp": 1767301298142000, "side": "SELL", "quantity": 0.324, "price": 87887.9}
{"timestamp": 1767301801483000, "side": "BUY", "quantity": 0.004, "price": 88628.3}
{"timestamp": 1767302224333000, "side": "SELL", "quantity": 0.005, "price": 87970.4}
{"timestamp": 1767303137497000, "side": "BUY", "quantity": 0.001, "price": 88664.1}
{"timestamp": 1767303139810000, "side": "BUY", "quantity": 0.023, "price": 88679.9}
{"timestamp": 1767303141059000, "side": "SELL", "quantity": 0.003, "price": 88004.7}
{"timestamp": 1767303954376000, "side": "BUY", "quantity": 0.004, "price": 88616.2}
{"timestamp": 1767304864362000, "side": "BUY", "quantity": 0.002, "price": 88720.0}
{"timestamp": 1767305106132000, "side": "BUY", "quantity": 0.006, "price": 88766.6}
{"timestamp": 1767305111244000, "side": "BUY", "quantity": 0.077, "price": 88769.7}
{"timestamp": 1767305115218000, "side": "BUY", "quantity": 0.016, "price": 88777.3}
{"timestamp": 1767305217279000, "side": "BUY", "quantity": 0.003, "price": 88798.2}
{"timestamp": 1767305281046000, "side": "BUY", "quantity": 0.005, "price": 88805.8}
{"timestamp": 1767305314131000, "side": "BUY", "quantity": 0.033, "price": 88848.5}
{"timestamp": 1767305315145000, "side": "BUY", "quantity": 0.281, "price": 88874.8}
{"timestamp": 1767305316240000, "side": "BUY", "quantity": 0.816, "price": 88895.0}
